@inproceedings{Albertin99,
  author =	 {U[] Albertin and H[] Jaramillo and D[] Yingst and R[] Bloor and W[] Chang and C[] Beasley and E[] Mobley},
  title = 	 {Aspects of true amplitude migration},
  booktitle =    {69th Annual International Meeting},
  year = 	 {1999},
  publisher =    {SEG, Expanded Abstracts},
  pages =        {1358-1361}
}

@Article{Anderson90,
  author = 	 {R[] Anderson and G[] McMechan},
  title = 	 {Weighted stacking of seismic data using amplitude-decay rates and noise amplitudes},
  journal = 	 {Geophysicl Prospecting},
  year = 	 1990,
  volume =	 38,
  pages =	 {365-380}
}

@Article{Andrews76,
  author = 	 {H[] C[] Andrews and C[] L[] Patterson},
  title = 	 {Singular value decomposition and digital image processing},
  journal = 	 {IEEE Transactions on Acoustics, Speech, and Signal Processing},
  year = 	 1976,
  volume =	 24,
  pages =	 {26-53}
}

@Article{Audebert05,
  author = 	 {F[] L[] Audebert and P[] Froidevaux},
  title = 	 {Regularization of illumination in angle domains -- A key to true amplitude migration},
  journal = 	 {The Leading Edge},
  year = 	 2005,
  volume =	 24,
  pages =	 {643-654}
}

@book{Castagna93,
   author =       {J[] P[] Castagna and M[] M[] Backus},
   publisher =    {Society of Exploration Geophysicists},
   title =        {Offset-Dependent Reflectivity Theory and Practice of AVO Analysis},
   year =         {1993}
}

@Article{Chang96,
  author = 	 {X[] W[] Chang and Y[] J[] Guang and C[] M[] Zhang and G[] Q[] Xu},
  title = 	 {Stacking based on correlation saving frequency},
  journal = 	 {OilGeophysics Prospecting (in Chinese)},
  year = 	 1996,
  volume =	 31,
  pages =	 {110-113}
}

@Article{Chen15,
  author = 	 {Y[] Chen and T[] Liu and X[] Chen},
  title = 	 {Velocity analysis using similarity-weighted semblance},
  journal = 	 {Geophysics},
  year = 	 2015,
  volume =	 80,
  pages =	 {A75-A82}
}

@Book{Claerbout05,
  author =	 {J[on] F[] Claerbout},
  title = 	 {Basic earth imaging},
  publisher = 	 {Stanford Exploration Project, 
                 \texttt{http://sepwww.stanford.edu/sep/prof/}},
  year = 	 2005
}

@inproceedings{Compton12,
  author =	 {S[] Compton and C[] Stork},
  title = 	 {3D nonlinear stack enhancement: Correlation based stacking},
  booktitle =    {82th Annual International Meeting},
  year = 	 {2012},
  publisher =    {SEG, Expanded Abstracts},
  pages =        {1-5}
}

@Article{Donoho95,
  author = 	 {D[] L[] Donoho},
  title = 	 {De-noising by soft-thresholding},
  journal = 	 {IEEE Transactions on Information Theory},
  year = 	 1995,
  volume =	 41,
  pages =	 {613-627}
}

@Article{Fomel07a,
  author = 	 {S[ergey] Fomel},
  title = 	 {Shaping regularization in geophysical-estimation problems},
  journal = 	 {Geophysics},
  year = 	 2007,
  volume =	 72,
  pages =	 {R29-R36}
}

@Article{Fomel07b,
  author = 	 {S[ergey] Fomel},
  title = 	 {Local seismic attributes},
  journal = 	 {Geophysics},
  year = 	 2007,
  volume =	 72,
  pages =	 {A29-A33}
}

@inproceedings{Fomel05,
  author =	 {S[] Fomel and M[] Backus and K[] Fouad and B[] Hardage and G[] Winters},
  title = 	 {Amultistep approach to multicomponent seismic image registration with application to a {West} Texas carbonate reservoir study},
  booktitle =    {75th Annual International Meeting},
  year = 	 {2005},
  publisher =    {SEG, Expanded Abstracts},
  pages =        {1018-1021}
}

@inproceedings{Fomel07,
  author =	 {S[] Fomel and L[] Jin},
  title = 	 {Time-lapse image registration using the local similarity attribute},
  booktitle =    {77th Annual International Meeting},
  year = 	 {2007},
  publisher =    {SEG, Expanded Abstracts},
  pages =        {2979-2983}
}

@Article{Fomel09,
  author = 	 {S[] Fomel},
  title = 	 {Velocity analysis using {AB} semblance},
  journal = 	 {Geophysical Prospecting},
  year = 	 2009,
  volume =	 57,
  pages =	 {311-321}
}

@Article{Freire88,
  author = 	 {S[] L[] M[] Freire and T[] J[] Ulrych},
  title = 	 {Application of singular value decomposition to vertical seismic profiling},
  journal = 	 {Geophysics},
  year = 	 1988,
  volume =	 53,
  pages =	 {778-785}
}

@inproceedings{Grion98,
  author =	 {S[] Grion and A[] Mazzotti},
  title = 	 {Stacking weights determination by means of SVD and crosscorrelation},
  booktitle =    {68th Annual International Meeting},
  year = 	 {1998},
  publisher =    {SEG, Expanded Abstracts},
  pages =        {1135-1138}
}

@inproceedings{Hale06,
  author =	 {D[] Hale},
  title = 	 {Fast local crosscorrelation of images},
  booktitle =    {76th Annual International Meeting},
  year = 	 {2006},
  publisher =    {SEG, Expanded Abstracts},
  pages =        {3160-3163}
}

@Article{Hamlyn14,
  author = 	 {W[] Hamlyn},
  title = 	 {Thin beds, tuing and AVO},
  journal = 	 {Interpretation},
  year = 	 2014,
  volume =	 33,
  pages =	 {1394-1396}
}


@Article{Hu15,
  author = 	 {J[] Hu and S[ergey] Fomel and L[] Ying},
  title = 	 {A fast algorithm for 3D azimuthally anisotropic velocity scan},
  journal = 	 {Geophysical Prospecting},
  year = 	 2015,
  volume =	 63,
  pages =	 {368-377}
}

@Article{Liu09,
  author = 	 {G[] Liu and S[ergey] Fomel and L[] Jin and X[] Chen},
  title = 	 {Stacking seismic data using local correlation},
  journal = 	 {Geophysics},
  year = 	 2009,
  volume =	 74,
  pages =	 {V43-V48}
}

@inproceedings{Liu14,
  author =	 {T[] Liu and Y[] Chen and X[] Chen},
  title = 	 {Velocity analysis using similarity-weighted semblance},
  booktitle =    {84th Annual International Meeting},
  year = 	 {2014},
  publisher =    {SEG, Expanded Abstracts},
  pages =        {4837-4842}
}

@Article{Luo12,
  author = 	 {S[] Luo and D[] Hale},
  title = 	 {Velocity analysis using weighted semblance},
  journal = 	 {Geophysics},
  year = 	 2012,
  volume =	 77,
  pages =	 {U15-U22}
}

@Article{Mayne62,
  author = 	 {W[] H[] Mayne},
  title = 	 {Common reflection point horizontal data stacking techniques},
  journal = 	 {Geophysics},
  year = 	 1962,
  volume =	 27,
  pages =	 {927-938}
}

@inproceedings{Neelamani06,
  author =	 {R[] Neelamani and T[] A[] Dickens and M[] Deffenbaugh},
  title = 	 {Stack-and-denoise: {A} new method to stack seismic datasets},
  booktitle =    {76th Annual International Meeting},
  year = 	 {2006},
  publisher =    {SEG, Expanded Abstracts},
  pages =        {2827-2831}
}

@Article{Neidell71,
  author = 	 {N[] S[] Neidell and M[] T[] Taner},
  title = 	 {Semblance and other coherency measures for multichannel data},
  journal = 	 {Geophysics},
  year = 	 1971,
  volume =	 36,
  pages =	 {482-497}
}

@book{Peterson88,
   author =       {B[] J[] Peterson and D[] R[] DeGroat},
   publisher =    {Maple Press},
   title =        {{Nearly optimal, SVD-based stacking of seismic data}},
   year =         {1988},
   pages =        {858-862}
}

@Article{Rashed02,
  author = 	 {M[] Rashed and E[] Yamamoto and M[] Mitamura and S[] Toda and T[] Nishida and Y[] Terada and H[] Uda and H[] Yokota and H[] Nemoto and K[] Nakagawa},
  title = 	 {Weighted stack of shallow seismic reflection line acquired in downtown Osaka City},
  journal = 	 {Journal of Applied Geophysics},
  year = 	 2002,
  volume =	 50,
  pages =	 {231-246}
}

@Article{Rashed08,
  author = 	 {M[] Rashed},
  title = 	 {Smart stacking: A new {CMP} Stacking technique for seismic data},
  journal = 	 {The Leading Edge},
  year = 	 2008,
  volume =	 27,
  pages =	 {462-467}
}

@Article{Rashed14,
  author = 	 {M[] Rashed},
  title = 	 {50 years of stacking},
  journal = 	 {Acta Geophysics},
  year = 	 2014,
  volume =	 62,
  pages =	 {505-528}
}

@Article{Robinson70,
  author = 	 {J[] C[] Robinson},
  title = 	 {Statistically optimal stacking of seismic data},
  journal = 	 {Geophysics},
  year = 	 1970,
  volume =	 35,
  pages =	 {436-446}
}

@Article{Rutherford89,
  author = 	 {S[] R[] Rutherford and R[] H[] Williams},
  title = 	 {Amplitude-versus-offset variations in gas sands},
  journal = 	 {Geophysics},
  year = 	 1989,
  volume =	 54,
  pages =	 {680-688}
}

@Article{Sanchis11,
  author = 	 {C[] Sanchis and A[] Hanssen},
  title = 	 {Enhanced local correlation stacking method},
  journal = 	 {Geophysics},
  year = 	 2011,
  volume =	 76,
  pages =	 {V33-V45}
}

@Article{Sarkar01,
  author = 	 {D[] Sarkar and J[] P[] Castagna and W[] Lamb},
  title = 	 {AVO and velocity analysis},
  journal = 	 {Geophysics},
  year = 	 2001,
  volume =	 66,
  pages =	 {284-293}
}

@Article{Sarkar02,
  author = 	 {D[] Sarkar and R[] T[] Baumel and K[] L[] Larner},
  title = 	 {Velocity analysis in the presence of amplitude variation},
  journal = 	 {Geophysics},
  year = 	 2002,
  volume =	 67,
  pages =	 {1664-1672}
}

@Article{Schoenberger96,
  author = 	 {M[] Schoenberger},
  title = 	 {Optimum weighted stack for multiple suppression},
  journal = 	 {Geophysics},
  year = 	 1996,
  volume =	 61,
  pages =	 {891-901}
}

@inproceedings{Tang07,
  author =	 {Y[] Tang},
  title = 	 {Selective stacking in the reflection-angle and azimuth domain},
  booktitle =    {77th Annual International Meeting},
  year = 	 {2007},
  publisher =    {SEG, Expanded Abstracts},
  pages =        {2320-2324}
}

@Article{Taner69,
  author = 	 {M[] T[] Taner and F[] Koehler},
  title = 	 {Velocity spectraâ€”Digital computer derivation and applications of velocity functions},
  journal = 	 {Geophysics},
  year = 	 1969,
  volume =	 234,
  pages =	 {859-881}
}

@inproceedings{Trickett07,
  author =	 {S[] Trickett},
  title = 	 {Maximum-likelihood-estimation stacking},
  booktitle =    {77th Annual International Meeting},
  year = 	 {2007},
  publisher =    {SEG, Expanded Abstracts},
  pages =        {2640-2643}
}

@book{Yilmaz01,
   author =       {O[] Yilmaz},
   publisher =    {SEG},
   title =        {{Seismic data analysis: Processing, inversion, and interpretation of seismic data}},
   year =         {2001}
}

@Article{Zhang06,
  author = 	 {S[] Zhang and Y[] Xu},
  title = 	 {Higher-order correlative stacking for seismic data in the wavelet domain},
  journal = 	 {Chinese Journal of Geophysics (in Chinese)},
  year = 	 2006,
  volume =	 49,
  pages =	 {554-560}
}

@Article{Zhang14,
  author = 	 {G[] Zhang and X[] Tuo and K[] Wang and B[] Li and M[] Liu},
  title = 	 {Two-dimensional weighted stack determination using signal-to-noise ratios and probability statistics},
  journal = 	 {Acta Geodaetica et Geophysica},
  year = 	 2014,
  volume =	 49,
  pages =	 {431-440}
}

@inproceedings{Zou00,
  author =	 {K[] S[] Zou and L[] Morley},
  title = 	 {Delineation of Class-II Gas Sands With Robust Seismic Attributes},
  booktitle =    {70th Annual International Meeting},
  year = 	 {2000},
  publisher =    {SEG, Expanded Abstracts},
  pages =        {2194-2197}
}

@Article{Tyapkin05,
  author = 	 {Y[] Tyapkin and B[] Ursin},
  title = 	 {Optimum stacking of seismic records
with irregular noise},
  journal = 	 {Journal of Geophysics and Engineering},
  year = 	 2005,
  volume = 	 2,
  pages = 	 {177-187}}

@article{Shuey85,
   author = {R[] T[] Shuey},
   journal = {Geophysics},
   number = {4},
   pages = {609-614},
   publisher = {Soc. of Expl. Geophys.},
   title = {A simplification of the {Z}oeppritz-equations },
   volume = {50},
   year = {1985}}