@article{youla,
  title={Image Restoration by the Method of Convex Projections: {Part} 1. {Theory}},
  author={Youla, Dan C and Webb, Heywood},
  journal={IEEE transactions on medical imaging},
  volume={1},
  number={2},
  pages={81--94},
  year={1982},
  publisher={IEEE}
}

@article{hall,
  title={Smooth operator: {Smoothing} seismic interpretations and attributes},
  author={M[att] Hall},
  journal={The Leading Edge},
  volume={26},
  number={1},
  pages={16-20},
  year={2007},
  publisher={Society of Exploration Geophysicists}
}
