@article{alford:1986,
  author =	 {R. M. Alford},
  title =	 {Shear data in the presence of azimuthal anisotropy: {D}illy, {T}exas},
  publisher =	 {SEG},
  year =	 1986,
  journal =	 {56nd Annual International Meeting, SEG, Expanded Abstracts},
  pages =	 {476-479}
}

@article{alkhalifah:2000,
  author =	 {T. Alkhalifah},
  title =	 {An acoustic wave equation for anisotropic media},
  publisher =	 {SEG},
  year =	 2000,
  journal =	 {Geophysics},
  volume =	 65,
  number =	 2,
  pages =	 {1239-1250}
}

@article{alkhalifah:2003,
  author =	 {T. Alkhalifah},
  title =	 {An acoustic wave equation for orthorhombic anisotropy},
  publisher =	 {SEG},
  year =	 2003,
  journal =	 {Geophysics},
  volume =	 68,
  number =	 4,
  pages =	 {1169-1172}
}

@Book{auld:1973,
  author =     {B.A. Auld},
  title =      {Acoustic Fields and Waves in Solids},
  publisher =  {John Wiley \& Sons, New York},
  year =       {1973},
}

@Book{aki.richards:2002,
  author =       {K. Aki and P. Richards},
  title =        {Quantitative Seismology (second edition)},
  publisher =    {University Science Books},
  year =         2002
}

@Book{carcione:2007,
  author =       {J. M. Carcione},
  title =    {Wave fields in real media: Wave propagation in anisotropic, anelastic, porous and electromagnetic media},
  publisher = {Pergamon Press},
  year =      {2007},
}

@article{cerveny.jech:1982,
author = {V. Cerveny and J. Jech},
title = {Linearized solutions of kinematic problems of seismic body waves in inhomogeneous slightly anisotropic media},
year = {1982},
journal = {Journal of Geophysics},
volume = {51},
pages = {96-104},
}

@article{baig.urbancic:2010,
author = {A. Baig and T. Urbancic},
title = {Microseismic moment tensors: A path to understanding frac growth},
publisher = {SEG},
year = {2010},
journal = {The Leading Edge},
volume = {29},
pages = {320-324},
}

@article{barnes:2009,
author = {C. Barnes and M. Charara},
title = {The domain of applicability of acoustic full-waveform inversion for marine seismic data},
publisher = {SEG},
year = {2009},
journal = {Geophysics},
volume = {74},
pages = {WCC91-WCC103},
}

@article{bube:2012,
	  author =       {K. P. Bube and T. Nemeth, and J. P. Stefani, and R. Ergas, and
		  W. Liu, and K. T. Nihei and L. Zhang},
	    title =        {On the instability in second-order systems for acoustic {VTI}
			and {TTI} media},
		  publisher =    {SEG},
		    year =         2012,
			  journal =      {Geophysics},
			    volume = {77},
				  number = {5},
				    pages = {T171-T186},
}

@article{cance:2015,
    author =       {P. Cance and Y. Capdeville},
    title =        {Validity of the acoustic approximation for elastic waves in heterogeneous media},
    publisher =    {SEG},
    year =         2015,
    journal = {Geophysics},
    volume = {80},
  number = {4},
    pages =  {T161-T173}
}

@article{cary:2001,
    author =       {P. W. Cary},
    title =        {Multicomponent seismic exploration in {C}anada - {O}ne person's perspective},
    publisher =    {CSEG},
    year =         2001,
    journal = {Recorder},
    volume = {26},
    pages =  {62-67}
}

@article{cheng.kang:2012,
  author =       {J. B. Cheng and W. Kang},
  title =        {Propagating pure wave modes in general anisotropic media, {P}art {I}: P-wave propagator},
  publisher =    {SEG},
  year =         2012,
  journal =      {82nd Annual International Meeting, SEG, Expanded Abstracts},
  pages =        {doi: 10.1190/segam2012-0616.1},
}

@article{cheng.kang:2014,
    author =       {J. B. Cheng and W. Kang},
    title =        {Simulating propagation of separated wave modes in general anisotropic media, {P}art {I}: q{P}-wave propagators},
    publisher =    {SEG},
    year =         2014,
    journal = {Geophysics},
    volume = {79},
    number = {1},
    pages =  {C1-C18}
}

@article{cheng.kang:2016,
    author =       {J. B. Cheng and W. Kang},
    title =        {Simulating propagation of separated wave modes in general anisotropic media, {P}art {II}: q{S}-wave propagators},
    publisher =    {SEG},
    year =         2016,
    journal = {Geophysics},
    volume = {81},
    number = {2},
    pages =  {C39-C52}
}

@article{cheng.fomel:2014,
    author =       {J. B. Cheng and S. Fomel},
    title =        {Fast algorithms of elastic wave mode separation and vector decomposition using low-rank approximation for anisotropic media},
    publisher =    {SEG},
    year =         2014,
    journal = {Geophysics},
    volume = {79},
    number = {4},
    pages =  {C97-C110}
}

@article{chu:2011,
  author =       {C. Chu and B.K. Macy, and P. Anno},
  title =        {Approximation of pure acoustic seismic wave propagation in {TTI} media},
  publisher =    {SEG},
  year =         2011,
  journal =      {Geophysics},
  volume = {76},
  number = {5},
  pages =        {WB98-WB107}
}

@article{crampin:1984,
  author =       {S. Crampin},
  title =        {Effective anisotropic elastic constants for wave propagation through cracked solids},
  year =         1984,
  journal =      {Geophysical Journal of the Royal Astronomical Society},
  volume =       {76},
  pages =        {135-145}
}

@article{crampin:1991,
  author =       {S. Crampin},
  title =        {Effective of point singularities on shear-wave propagation in
	  sedimentary basins},
  year =         1991,
  journal =      {Geophysical Journal International},
  volume =       {107},
  pages =        {531-543}
}

@article{crampin.yedlin:1981,
  author =	 {S. Crampin and M. Yedlin},
  title =	 {Shear-wave singularities of wave propagation in anisotropic media},
  year =	 1981,
  journal =	 {Journal of Geophysics},
  volume =	 49,
  pages =	 {43-46}
}

@article{crawley:2010,
author = {S. Crawley and S. Brandsberg-Dahl, and J. McClean},
title = {3{D TTI RTM} using the pseudo-analytic method},
publisher = {SEG},
year = {2010},
journal = {80th Annual International Meeting, SEG, Expanded Abstracts},
pages = {3216-3220},
}

@article{djebbi.alkhalifah:2014,
  author =       {R. Djebbi and T. Alkhalifah},
  title =        {Analysis of the multi-component pseudo-pure-mode q{P}-wave inversion in vertical transverse isotropic ({VTI}) media},
  publisher =    {SEG},
  year =         2014,
  journal =      {84nd Annual International Meeting, SEG, Expanded Abstracts},
  pages =        {394-399}
}

@PhdThesis{dellinger.thesis,
  author =	 {J. Dellinger},
  title =	 {Anisotropic Seismic Wave Propagation},
  school =	 {Stanford University},
  year =	 1991,
  month =	 {April}
}

@article{dellinger.etgen:1990,
author = {J. Dellinger and J. Etgen},
title = {Wavefield separation in two-dimensional anisotropic media},
publisher = {SEG},
year = {1990},
journal = {Geophysics},
volume = {55},
number = {7},
pages = {914-919},
}

@article{du:2010,
  author =       {X. Du and R. P. Fletcher, and P. J. Fowler},
  title =        {Pure {P}-wave propagators versus pseudo-acoustic propagators for {RTM} in {VTI} media},
  publisher =    {SEG},
  year =         2010,
  journal =      {72nd Annual International Meeting, EAGE, Expanded Abstracts},
  pages =        {382-386}
}

@article{du:2014,
author = {X. Du and P. J. Fowler, and R. P. Fletcher},
title = {Recursive integral time-extrapolation methods for waves: {A} comparative
    review},
publisher = {SEG},
year = 2014,
journal = {Geophysics},
volume = {79},
number = {1},
pages = {T9-T26},
}

@article{duveneck:2011,
author = {E. Duveneck and P. M. Bakker},
title = {Stable {P}-wave modeling for reverse-time migration in tilted {TI} media},
publisher = {SEG},
year = {2011},
journal = {Geophysics},
volume = {76},
number = {2},
pages = {S65-S75},
}

@article{etgen:2009,
  author =       {J. Etgen and S. Brandsberg-Dahl},
  title =        {The pseudo-analytical method: Application of pseudo-{L}aplacians to acoustic
                  and acoustic anisotropic wave propagation},
  publisher =    {SEG},
  year =         2009,
  journal =      {79th Annual International Meeting, SEG, Expanded Abstracts},
  pages =        {2552-2556}
}

@article{farra:2001,
  author =     {V. Farra},
  title =      {High-order perturbations of the phase velocity and polarization of qP and qS waves in anisotropic media},
  year =       2001,
  volume = {147},
  journal =    {Geophysical Journal International},
  pages =      {93-104}
}

@article{fomel:2010,
  author =       {S. Fomel and L. Ying, and X. Song},
  title =        {Seismic wave extrapolation using lowrank approximation},
  publisher =    {SEG},
  year =         2010,
  journal =      {81st Annual International Meeting, SEG, Expanded Abstracts},
  pages =        {3092-3096}
}

@article{fomel:2013,
  author =     {S. Fomel and L. Ying, and X. Song},
  title =      {Seismic wave extrapolation using lowrank symbol approximation},
  publisher =  {EAGE},
  year =       2013,
  volume = {61},
  journal =    {Geophysical Prospecting},
  pages =      {526-536}
}

@article{fowler.king:2011,
  author =       {P. J. Fowler and R. King},
  title =        {Modeling and reverse time migration of orthorhombic pseudo-acoustic {P}-waves},
  publisher =    {SEG},
  year =         2011,
  journal =      {81st Annual International Meeting, SEG, Expanded Abstracts},
  pages =        {190-195}
}

@article{fowler:2010,
author = {P. J. Fowler and X. Du and R. P. Fletcher},
title = {Recursive integral time extrapolation methods for scalar waves},
publisher = {SEG},
year = {2010},
journal = {80th Annual International Meeting, SEG, Expanded Abstracts},
pages = {3210-3215},
}

@article{fletcher:2009,
author = {R. P. Fletcher and X. Du and P. J. Fowler},
title = {Reverse time migration in tilted transversely isotropic ({TTI}) media},
publisher = {SEG},
year = {2009},
journal = {Geophysics},
volume = {74},
number = {6},
pages = {WCA179-WCA187},
}

  author =       {V. Grechka and L. Zhang, and J. W. Rector III},
@article{grechka:2004,
  author =       {V. Grechka and L. Zhang, and J. W. Rector},
  title =        {Shear waves in acoustic anisotropic media},
  publisher =    {SEG},
  year =         2004,
  journal =      {Geophysics},
  volume =       69,
  number =       2,
  pages =        {576-582},
}

@article{grechka.obolentseva:1993,
  author =       {V. Grechka and R. Obolentseva},
  title =        {Geometrical structure of shear wave surfaces near singularity directions in anisotropic media},
  year =         1993,
  journal =      {Geophysical Journal International},
  volume =       115,
  pages =        {609-616},
}

@article{grechka.yaskevich:2014,
  author =       {V. Grechka and S. Yaskevich},
  title =        {Azimuthal anisotropy in microseismic montoring: {A B}akken case study},
  publisher =    {SEG},
  year =         2014,
  journal =      {Geophysics},
  volume =       79,
  number =       1,
  pages =        {KS1-KS12},
}

@Book{hardage:2011,
  author =     {B. A. Hardage and M. V. DeAngelo, and P. E. Murray, and D. Sava},
  title =      {Multicomponent seismic technology},
  publisher =  {SEG},
  year =       {2011},
}

@Book{helbig:1994,
  author =     {K. Helbig},
  title =      {Foundation of anisotropy for exploration seismics},
  publisher =  {Pergamon Press},
  year =       {1994},
}

@article{hestholm,
  author =       {S. Hestholm},
  title =        {Acoustic {VTI} modeling using high-order finite-differences},
  publisher =    {SEG},
  year =         2007,
  journal =      {77th Annual International Meeting, SEG, Expanded Abstracts},
  pages =        {139-143}
}

@article{klie,
  author =       {H. Klie and W. Toro},
  title =        {A new acoustic wave equation for modeling in anisotropic media},
  publisher =    {SEG},
  year =         2001,
  journal =      {71st Annual International Meeting, SEG, Expanded Abstracts},
  pages =        {1171-1174}
}

@article{kang.cheng:2011a,
  author =       {W. Kang and J. B. Cheng},
  title =        {New coupled equations of {P}- and {SV}-wave for {RTM} in {TI} media},
  publisher =    {EAGE},
  year =         2011,
  journal =      {73rd Annual International Meeting, EAGE, Expanded Abstracts},
  pages =        {P267}
}

@article{kang.cheng:2011b,
  author =       {W. Kang and J. B. Cheng},
  title =        {Prestack scalar reverse time migration of elastic seismic data in {TI} media},
  publisher =    {SEG},
  year =         2011,
  journal =      {81st Annual International Meeting, SEG, Expanded Abstracts},
  pages =        {3367-3371}
}

@article{kang.cheng:2012,
  author =       {W. Kang and J. B. Cheng},
  title =        {Propagating pure wave modes in {3D} general anisotropic media, {P}art {II}: {SV} and {SH} wave},
  publisher =    {SEG},
  year =         2012,
  journal =      {82nd Annual International Meeting, SEG, Expanded Abstracts},
  pages =        {doi: 10.1190/segam2012-1234.1}
}

@article{opertor:2009,
  author =	 {S. Operto and J. Virieux, A. Ribodetti, and J. E. Anderson},
  title =	 {Finite-difference frequency-domain modeling of viscoacoustic wave propagation in 2{D} tilted transversely isotropic ({TTI}) media},
  publisher =	 {SEG},
  year =	 ,
  journal =	 {Geophysics},
  volume =	 74,
  pages =	 {T75-T95},
}

@article{li:1997,
  author =	 {X. Y. Li},
  title =	 {Fractured reservoir delineation using multicomponent seismic data},
  publisher =	 {EAGE},
  year =	 1997,
  journal =	 {Geophysical Prospecting},
  volume =	 45,
  pages =	 {39-64},
}

@article{li.crampin:1993,
  author =	 {X. Li and S. Crampin},
  title =	 {Linear-transform technique for processing shear-wave aniostropy in four-component seismic data},
  publisher =	 {SEG},
  year =	 1993,
  journal =	 {Geophysics},
  volume =	 58,
  number =	 2,
  pages =	 {240-256},
}

@article{liu:2009,
  author =       {F. Liu and S.A. Morton, and S. Jiang, and L. Ni, and J.P. Leveille},
  title =        {Decoupled Wave Equations for {P} and {SV} Waves in an Acoustic {VTI} Media},
  publisher =    {SEG},
  year =         2009,
  journal =      {79th Annual International Meeting, SEG, Expanded Abstracts},
  pages =        {2844-2848}
}

@article{macesanu,
  author =       {Macesanu},
  title =        {The Pseudo-Acoustic Approximation to Wave Propagation in {TTI} Media},
  publisher =    {SEG},
  year =         2011,
  journal =      {81st Annual International Meeting, SEG, Expanded Abstracts},
  pages =        {174-178}
}

@Book{masgrave:1970,
  author =       {Masgrave},
  title =        {Crystal acoustic: Introduction to the study of elastic waves and vibtrations in crystal},
  publisher =    {Holden-Day series in Mathematical Physics},
  year =         1970,
}

@article{maxwell,
  author =       {S. Maxwell},
  title =        {Microseismic: Growth born from success},
  publisher =    {SEG},
  year =         2010,
  journal =      {The {L}eading {E}dge},
  pages =        {338-343}
}

@Book{mcgullagh:1837,
  author =       {J. McGullagh},
  title =        {Geometrical proposition applied to the waves theory of light},
  publisher =    {Trans. Royal Irish Acad.},
  year =         1837,
}

@Book{Federov:1968,
  author =       {F. I. Federov},
  title =        {Theory of elastic waves in crystals},
  publisher =    {Plenum Press},
  year =         1968,
}

@Book{musgrave,
  author =       {M. J. P. Musgrave},
  title =        {Crystal acoustics},
  publisher =    {Holden {D}ay},
  year =         1970,
}

@article{pestana:2011,
  author =       {R.C. Pestana and B. Ursin, and P. L. Stoffa},
  title =        {Separate {P}- and {SV}-wave equations for {VTI} Media},
  publisher =    {SEG},
  year =         2011,
  journal =      {SEG Technical Program Expanded Abstracts},
  pages =        {163-167}
}

@article{operto:2009,
  author =	 {S. Operto and J. Virieux, and A. Ribodetti, and J. E. Anderson},
  title =	 {Finite-difference frequency-domain modeling of viscoacoustic wave
	  propagation in {2D} tilted transversely isotropic ({TTI}) media},
  publisher =	 {SEG},
  year =	 2009,
  journal =	 {Geophysics},
  volume =	 74,
  number =	 5,
  pages =	 {T75-T95},
}

@article{pestana.stoffa:2010,
  author =	 {R.C. Pestana and P. L. Stoffa},
  title =	 {Time evolution of the wave equation using rapid expansion method},
  publisher =	 {SEG},
  year =	 2010,
  journal =	 {Geophysics},
  volume =	 75,
  number =	 4,
  pages =	 {T121-T131},
}

@article{psencik:1998,
  author =	 {I. Psencik and D. Gajewski},
  title =	 {Polarization, phase velocity, and {NMO} velocity of q{P}-waves in arbitrary weak anisotropic media},
  publisher =	 {SEG},
  year =	 1998,
  journal =	 {Geophysics},
  volume =	 63,
  number =	 5,
  pages =	 {1754-1766},
}

@article{rommel:1994,
  author =       {B. E. Rommel},
  title =        {Approximate polarization of plane waves in a medium having weak transverse isotropy},
  publisher =    {SEG},
  year =         1994,
  journal =      {Geophysics},
  volume =       59,
  pages =        {1605-1612},
}

@article{schoenberg:1997,
  author =	 {M. Schoenberg and K. Helbig},
  title =	 {Orthorhombic media: Modeling elastic wave behavior in a vertically fractured earth},
  publisher =	 {SEG},
  year =	 1997,
  journal =	 {Geophysics},
  volume =	 62,
  number =	 6,
  pages =	 {1954-1974},
}

@article{shang:2015,
  author =       {Y. X. Shang and J. B. Cheng, and T. F. Wang},
  title =        {Investigation of amplitude accuracy for pseodu-acoustic wave propagation in azimuthal anisotropic media},
  publisher =    {EAGE},
  year =         2015,
  journal =      {EAGE Technical Program Expanded Abstracts},
  pages =        {accepted}
}

@article{song.fomel:2011,
  author =	 {X. Song and S. Fomel},
  title =	 {Fourier finite-difference wave propagation},
  publisher =	 {SEG},
  year =	 2011,
  journal =	 {Geophysics},
  volume =	 76,
  number =	 5,
  pages =	 {T123-T129},
}

@article{song.alkhalifah:2013,
  author =	 {X. Song and T. Alkhalifah},
  title =	 {Modeling of pseudoacoustic {P}-waves in orthorhombic media with a low-rank approximation},
  publisher =	 {SEG},
  year =	 2013,
  journal =	 {Geophysics},
  volume =	 78,
  number =	 4,
  pages =	 {C33-C40},
}

@article{song:2013,
  author =	 {X. Song and S. Fomel, and L. Ying},
  title =	 {Lowrank finite-difference and lowrank {F}ourier finite-differences for
	  seismic wave extrapolation in the acoustic approximation},
  year =	 2013,
  journal =	 {Geophysical Journal International},
  volume =	 193,
  pages =	 {960-969},
}

@article{stewart:2002,
  author =	 {R. Stewart and J. Gaiser, and R. Brown, and D. Lawton},
  title =	 {Converted-wave seismic exploration: {M}ethod},
  year =	 2002,
  journal =	 {Geophysics},
  volume =	 67,
  pages =	 {1348-1363},
}

@article{schoenberg.helbig:1997,
  author =	 {M. Schoenberg and K. Helbig},
  title =	 {Orthorhombic media: {M}modeling elastic wave behavior in a vertically
	  fractured earth},
  year =	 1997,
  journal =	 {Geophysics},
  volume =	 62,
  number =	 6,
  pages =	 {1954-1974},
}

@article{thomsen:1986,
	  author =   {L. Thomsen},
	    title =    {Weak elastic anisotropy},
		  publisher =    {SEG},
		    year =     1986,
			  journal =  {Geophysics},
			    volume =   51,
				  pages =    {1954-1996},
}

@article{thomsen:1999,
  author =	 {L. Thomsen},
  title =	 {C-wave reflection seismology over inhomogeneous and anisotropic media},
  publisher =	 {SEG},
  year =	 1999,
  journal =	 {Geophysics},
  volume =	 64,
  number =	 3,
  pages =	 {678-690},
}

@Book{tsvankin:2001,
  author =	 {I. Tsvankin},
  title =	 {Seismic signatures and analysis of reflection data
                  in anisotropic media},
  publisher =	 {Elsevier Science Ltd.},
  year =	 2001
}

@article{tsvankin.chesnokov:1990,
author = {I. Tsvankin and E. Chesnokov},
title = {Synthesis of body-wave seismograms from point source in anisotropic media},
year = {1990},
journal = {Journal of Geophysics Research},
volume = {95},
number = {B7},
pages = {11317-11331},
}

@article{tsvankin:1997b,
author = {I. Tsvankin},
title = {Anisotropic parameters and {P}-wave velocity for orthorhombic media},
publisher = {SEG},
year = {1997},
journal = {Geophysics},
volume = {62},
pages = {1292-1309},
}

@article{wild.crampin:1991,
  author =	 {P. Wild and S. Crampin},
  title =	 {The range of effects of azimuthal isotropy and {EDA} anisotropy in sedimentary basins},
  year =	 1991,
  journal =	 {Geophysical Journal of International},
  volume =	 107,
  pages =	 {513-529}
}

@article{winterstein:1990,
  author =	 {D. F. Winterstein},
  title =	 {Velocity anisotropy terminology for geophysicists},
  publisher =	 {SEG},
  year =	 1990,
  journal =	 {Geophysics},
  volume =	 55,
  number =	 8,
  pages =	 {1070-1088}
}

@article{xu.zhou:2014,
  author =       {S. Xu and H. Zhou},
  title =        {Accurate simulations of pure quasi-{P}-waves in complex anisotropic
	  media},
  publisher =    {SEG},
  year =         2014,
  journal =      {Geophysics},
  volume =  79,
  number = 6,
  pages =        {T341-T348}
}

@article{yan.sava:2009,
author = {J. Yan and P. Sava},
title = {Elastic wave-mode separation for {VTI} media},
publisher = {SEG},
year = {2009},
journal = {Geophysics},
volume = {74},
number = {5},
pages = {WB19-WB32},
}

@article{yan:2012,
author = {J. Yan and P. Sava},
title = {Elastic wave mode separation for tilted transversely isotropic media},
publisher = {EAGE},
year = {2012},
journal = {Geophysical Prospecting},
volume = {60},
pages = {29-48},
}

@article{yan.sava:2011,
author = {J. Yan and P. Sava},
title = {Improving the efficiency of elastic wave-mode separation for heterogenous tilted transver isotropic media},
publisher = {SEG},
year = {2011},
journal = {Geophysics},
volume = {76},
pages = {T65-T78},
}

@Book{yilmaz,
  author =     {O. Yilmaz},
  title =      {Seismic Data Analysis: Processing, Inversion, and Interpretation of seismic data (Second Edition)},
  publisher =  {Society of Exploration Geophysics},
  year =       {2001},
}

@article{yu:1993,
	  author =   {Yu, V. and Grechka, V. and Obolentseva, I. R.},
	    title =    {Geometrical structure of shear wave surface near singularity directions in anisotropic media},
		  year =     1993,
		    journal =  {Geophysical Journal Internation},
			  volume =   115,
			    pages =    {609-616},
}

@article{zhan:2012,
author = {G. Zhan and R. C. Pestana, and P. L. Stoffa},
title = {Decoupled equations for reverse time migration in tilted transversely isotropic media},
publisher = {SEG},
year = {2012},
journal = {Geophysics},
volume = {77},
number = {2},
pages = {T37-T45},
}

@article{zhang.zhang:2009,
author = {Y. Zhang and G. Zhang},
title = {One-step extrapolation method for reverse time migration},
publisher = {SEG},
year = {2009},
journal = {Geophysics},
volume = {74},
number = {4},
pages = {A29-A33},
}

@article{zhang.zhang:2011,
author = {H. Zhang and Y. Zhang},
title = {Reverse Time Migration in Vertical and Tilted Orthorhombic Media},
publisher = {SEG},
year = {2011},
journal = {81st Annual International Meeting, SEG, Expanded Abstracts},
pages = {185-189},
}

author = {L. Zhang and J. W. Rector {III}, and G. M. Hoversten},
@article{zhang:2005,
author = {L. Zhang and J. W. Rector, and G. M. Hoversten},
title = {Finite-difference modeling of wave propagation in acoustic {TI} media},
publisher = {EAGE},
year = {2005},
journal = {Geophysical Prospecting},
volume = {53},
pages = {843-852},
}

@article{zhang:2009,
author = {H. Zhang and G. Zhang, and Y. Zhang},
title = {Removing {S}-wave noise in {TTI} reverse time migration},
publisher = {SEG},
year = {2009},
journal = {79th Annual International Meeting, SEG, Expanded Abstracts},
pages = {2849-2853},
}

@article{zhang:2011,
author = {Y. Zhang and H. Zhang, and G. Zhang},
title = {A stable {TTI} reverse time migration and its implementation},
publisher = {SEG},
year = {2011},
journal = {Geophysics},
volume = {76},
number = {3},
pages = {WA3-WA11},
}

@article{zhang.mcmechan:2010,
author = {Q. Zhang and George A. McMechan},
collaboration = {},
title = {2{D} and 3{D} elastic wavefield vector decomposition in the wavenumber domain for {VTI} media},
publisher = {SEG},
year = {2010},
journal = {Geophysics},
volume = {75},
number = {3},
pages = {D13-D26},
}

@article{zhou:2006eage,
  author =       {H. Zhou and G. Zhang, and R. Bloor},
  title =        {An anisotropic acoustic wave equation for {VTI} media},
  publisher =    {EAGE},
  year =         2006,
  journal =      {68th Annual International Meeting, EAGE, Expanded Abstracts},
  pages =        {1171-1174}
}

@article{zhou:2006seg,
  author =       {H. Zhou and G. Zhang, and R. Bloor},
  title =        {An anisotropic acoustic wave equation for modeling and migration
                  in 2{D} {TTI} media},
  publisher =    {SEG},
  year =         2006,
  journal =      {76th Annual International Meeting, SEG, Expanded Abstracts},
  pages =        {194-198}
}
