@article{alkhalifah:2000,
  author =	 {T. Alkhalifah},
  title =	 {An acoustic wave equation for anisotropic media},
  publisher =	 {SEG},
  year =	 2000,
  journal =	 {Geophysics},
  volume =	 65,
  number =	 2,
  pages =	 {1239-1250},
}

@Book{aki.richards:1980,
  author =       {K. Aki and P. Richards},
  title =        {Quantitative {S}eismology (second edition)},
  publisher =    {University Science Books},
  year =         1980,
}

@article{bale:2002,
  author =       {R. A. Bale},
  title =        {Staggered grids for {3D} pseudospectral modeling in anisotropic elastic media},
  year =         2002,
  journal =      {CREWES {R}esearch {R}eport},
  volume = {14}.
}

@article{bale:2003,
  author =       {R. A. Bale},
  title =        {Modeling {3D} anisotropic elastic data using the pseudospectral approach},
  publisher =	 {EAGE},
  year =         2003,
  journal =      {70th {EAGE} Conference and Exhibition 2008, Expanded Abstracts},
  volume = {}.
}

@article{bojarski:1982,
  author =       {N. N. Bojarski},
  title =        {The k-space formulation of the scattering problem in the time domain},
  year =         1982,
  journal =      {Journal of Acoustic Society of America},
  volume = {72},
  number = {2},
  pages = {570-584},
}

@article{bube:2012,
  author =       {K. P. Bube and T. Nemeth, and J. P. Stefani, and R. Ergas, and W. Liu, and K. T. Nihei and L. Zhang},
  title =        {On the instability in second-order systems for acoustic {VTI} and {TTI} media},
  publisher =    {SEG},
  year =         2012,
  journal =      {Geophysics},
  volume = {77},
  number = {5},
  pages = {T171-T186},
}

@article{bakulin:2000,
  author =       {A. Bakulin and V. Grechka, and I. Tsvankin},
  title =        {Estimation of fracture paramaters from reflection seismic data-Part I: HTI model due to a single fracture set},
  publisher =    {SEG},
  year =         2000,
  journal =      {Geophysics},
  volume = {65},
  number = {6},
  pages = {1788-1802},
}

@article{candes:2007,
  author =       {E. Candes and L. Demanet, and L. Ying},
  title =        {Fast computation of {F}ourier integral operators},
  year =         2007,
  journal =      {SIAM Journal on Scientific Computing},
  volume =       29,
  number =	 6,
  pages =        {2464-2494},
}

@article{canuto:2006,
  author =       {C. G. Canuto and M. Y. Hussaini, and A. Quarteroni, and T.A. Zang},
  title =    {Spectral methods: Fundamentals in single domains},
  publisher = {Springer, Berlin},
  year =      {2006},
}

@Book{carcione:2007,
  author =       {J. M. Carcione},
  title =    {Wave fields in real media: Wave propagation in anisotropic, anelastic, porous and electromagnetic media},
  publisher = {Elsevier Ltd.},
  year =      {2007},
}

@article{carcione:2002,
  author =       {J. M. Carcione and G. C. Herman, and A. P. E. Ten Kroode},
  title =        {Seismic modeling},
  publisher =    {SEG},
  year =         2002,
  journal =      {Geophysics},
  volume = {67},
  pages = {1304-1325},
}

@article{carcione:1999,
  author =       {J. M. Carcione},
  title =        {Staggered mesh for the anisotropic and viscoelastic wave equation},
  publisher =    {SEG},
  year =         1999,
  journal =      {Geophysics},
  volume = {64},
  number =	 6,
  pages = {1863-1866},
}

@Book{cerveny:2001,
  author =       {V. Cerveny},
  title =        {Seismic ray theory},
  publisher =    {Cambridge University Press},
  year =         2001, 
}

@article{correa:2002,
  author =       {G. J. Correa and M. Spiegelman, and S. Carbotte, and J. C. Mutter},
  title =        {Centered and staggered Fourier derivatives and Hilbert transforms},
  publisher =    {SEG},
  year =         2002,
  journal =      {Geophysics},
  volume = {67},
  pages = {1558-1563},
}

@article{cox:2007,
  author =       {B. T. Cox and S. Kara, and S. R. Arridge and P. C. Beard},
  title =        {K-space propagation models for acoustically heterogeneous media: Application to biomedical photoacoustics},
  year =         2007,
  journal =      {Journal of Accoustic Society of America},
  volume = {121},
  number =	 6,
  pages = {3453-3464},
}

@article{cheng.kang:2014,
	author =       {J. B. Cheng and W. Kang},
	title =        {Simulating propagation of separated wave modes in general anisotropic media, {P}art {I}: P-wave propagators},
	publisher =    {SEG},
	year =         2014,
	journal = {Geophysics},
	volume = {79},
	number = {1},
	pages =  {C1-C18},
}

@article{cheng.fomel:2014,
	author =       {J. B. Cheng and S. Fomel},
    title =        {Fast algorithms of elastic wave mode separation and vector decomposition using low-rank approximation for anisotropic media},
	publisher =    {SEG},
	year =         2014,
	journal = {Geophysics},
	volume = {79},
	number = {4},
	pages =  {C97-C110},
}

@article{chu:2011,
  author =       {C. Chu and B.K. Macy, and P. Anno},
  title =        {An accurate and stable wave equation for pure acoustic {TTI} modleing},
  publisher =    {SEG},
  year =         2011,
  journal =      {81st Annual International Meeting, SEG, Expanded Abstracts},
  pages =        {179-184},
}

@article{chu.stoffa:2011,
  author =       {C. Chu and P. L. Stoffa},
  title =        {Application of normalized pseudo-Laplacian to elastic wave modeling
  on staggered grids},
  publisher =    {SEG},
  year =         2011,
  journal =      {Geophysics},
  volume = {76},
  number =	 5,
  pages = {T13-T21},
}

@article{crampin:1981,
  author =       {Crampin, S.},
  title =        {Review of wave motion in anisotropic and cracked elastic-media},
  year =         1981,
  journal =      {Wave Motion},
  volume =       {3},
  pages =        {343-391},
}

@article{crampin.yedlin:1981,
  author =       {Crampin, S. and Yedlin, M.},
  title =        {Shear-wave singularities of wave propagation in anisotropic media},
  year =         1981,
  journal =      {J. Geophys.},
  volume =       {49},
  pages =        {43-46},
}

@article{crampin:1984,
  author =       {Crampin, S.},
  title =        {Effective anisotropic elastic constants for wave propagation through cracked solids},
  year =         1984,
  journal =      {Geophysical Journal of the Royal Astronomical Society},
  volume =       {76},
  pages =        {135-145},
}

@article{crampin:1991,
  author =       {Crampin, S.},
  title =        {Effects of point singularities on shear-wave propagation in sedimentary basin},
  year =         1991,
  journal =      {Geophys. J. Int.},
  volume =       {107},
  pages =        {531-543},
}

@article{dablain:1986,
author = {M. A. Dablain},
title = {The application of high-order differencing to the scalar wave equation},
publisher = {SEG},
year = 1986,
journal = {Geophysics},
volume = {51},
pages = {54-66},
}

@PhdThesis{dellinger.thesis,
  author =	 {J. Dellinger},
  title =	 {Anisotropic seismic wave propagation},
  school =	 {Stanford University},
  year =	 1991,
  month =	 {April},
}

@article{dellinger.etgen:1990,
author = {J. Dellinger and J. Etgen},
title = {Wavefield separation in two-dimensional anisotropic media},
publisher = {SEG},
year = 1990,
journal = {Geophysics},
volume = {55},
number = {7},
pages = {914-919},
}

@article{du:2014,
author = {X. Du and P. J. Fowler, and R. P. Fletcher},
title = {Recursive integral time-extrapolation methods for waves: {A} comparative review},
publisher = {SEG},
year = 2014,
journal = {Geophysics},
volume = {79},
number = {1},
pages = {T9-T26},
}

@article{duveneck:2011,
author = {E. Duveneck and P. M. Bakker},
title = {Stable P-wave modeling for reverse-time migration in tilted TI media},
publisher = {SEG},
year = 2011,
journal = {Geophysics},
volume = {76},
number = {2},
pages = {S65-S75},
}

@article{engquist.ying:2008,
author = {B. Engquist and L. Ying},
title = {Fast directional multilevel algorithms for oscillatory kernels},
year = 2008,
journal = {SIAM J. Sci. Comput.},
volume = {29},
number = {4},
pages = {1710-1737},
}

@article{engquist.ying:2009,
author = {B. Engquist and L. Ying},
title = {A fast directional algorithm for high frequency acoustic scattering in two dimensionsr},
year = 2009,
journal = {Communications Mathematical Sciences},
volume = {7},
number = {2},
pages = {327-345},
}

@article{etgen:2009,
  author =       {J. Etgen and S. Brandsberg-Dahl},
  publisher =    {SEG},
  title =        {The pseudo-analytical method: Application of pseudo-{L}aplacians to acoustic and acoustic anisotropic wave propagation},
  year =         2009,
  journal =      {79th Annual International Meeting, SEG, Expanded Abstracts},
  pages =        {2552-2556},
}

@article{fang.fomel:2014,
  author =     {G. Fang and S. Fomel, and Q. Z. Du and J. W. Hu},
  title =      {Lowrank seismic wave extrapolation on a staggered grid},
  publisher =  {SEG},
  year =       2014,
  journal =    {Geophysics},
  volume = {79},
  pages =      {T157-T168},
}

@article{firouzi:2012,
author = {K. Firouzi and B. T. Cox, and B. E. Treeby, and N. Saffari},
title = {A first-order k-space model for elastic wave propagation in heterogeneous media},
year = 2012,
journal = {Journal of Acoustic Society of America},
volume = {132},
number = {3},
pages = {1271-1283},
}

@article{fomel:2010,
  author =     {S. Fomel and L. Ying, and X. Song},
  title =      {Seismic wave extrapolation using a lowrank symbol approximation},
  publisher =  {SEG},
  year =       2010,
  journal =    {SEG Technical Program Expanded Abstracts},
  pages =      {3092-3096},
}

@article{fomel:2013,
  author =     {S. Fomel and L. Ying, and X. Song},
  title =      {Seismic wave extrapolation using lowrank symbol approximation},
  publisher =  {EAGE},
  year =       2013,
  journal =    {Geophysical Prospecting},
  pages =      {1-11},
}

@article{fornberg:1998,
  author =     {B. Fornberg},
  title =      {A practical guide to pseudospectral methods},
  publisher =  {Cambridge Univeristy Press, New York},
  year =       1998,
}

@article{fornberg:1990,
author = {B. Fornberg},
title = {High-order finite differences and pseudo-spectral method on staggered grids},
publisher = {SIAM},
year = 1990,
journal = {SIAM Journal of Numerical Analysis},
volume = {27},
pages = {904-918},
}

@article{fowler:2010,
author = {P. J. Fowler and X. Du and R. P. Fletcher},
title = {Recursive integral time extrapolation methods for scalar waves},
publisher = {SEG},
year = 2010,
journal =    {80th Annual International Meeting, SEG, Expanded Abstracts},
pages = {3210-3215},
}

@article{fowler.king:2011,
  author =       {P.J Fowler and R. King},
  title =        {Modeling and reverse time migration of orthorhombic pseudo-acoustic {P}-waves},
  publisher =    {SEG},
  year =         2011,
  journal =      {81st Annual International Meeting, SEG, Expanded Abstracts},
  pages =        {190-195},
}

@article{fowler.lapilli:2012,
  author =       {P.J Fowler and C. Lapilli},
  title =        {Generalized pseudospectral methods for orthorhombic modeling and reverse-time migration},
  publisher =    {SEG},
  year =         2012,
  journal =      {82nd Annual International Meeting, SEG, Expanded Abstracts},
  pages =        {doi: 10.1190/segam2012-0708.1},
}

@article{fletcher:2008,
  author =       {R. Fletcher and X. Du and P.J. Fowler},
  title =        {A new pseudo-acoustic wave equation for {TI} media},
  publisher =    {SEG},
  year =         2008,
  journal =      {78th Annual International Meeting, SEG, Expanded Abstracts},
  pages =        {2082-2086},
}

@article{gazdag:1984,
author = {J. Gazdag and P. Sguazzero},
title = {Migration of seismic data by phase shift plus interpolation},
publisher = {SEG},
year = 1984,
journal = {Geophysics},
volume = {49},
pages = {124-131},
}

@article{golub:1996,
author = {G.H. Golub and C. F. Van Loan},
title = {Matrix Computations},
publisher =  {John Hopkins},
year =   1996,
}

@article{igel:1995,
  author =       {H. Igel and P. Mora, and B. Riollet},
  title =        {Anisotropic wave propagation through finite-difference grids},
  publisher =    {SEG},
  year =         1995,
  journal =      {Geophysics},
  volume =       {60},
  pages =        {1203-1216},
}

@article{kang.cheng:2012,
author =       {W. Kang and J. B. Cheng},
title =        {Propagating pure wave modes in {3D} general anisotropic media, {P}art {II}: {SV} and {SH} wave},
publisher =    {SEG},
year =         2012,
journal =      {82nd Annual International Meeting, SEG, Expanded Abstracts},
pages =        {1234-1238},
}

@article{kosloff:1989,
author =       {D. Kosloff and A. Q. Filho, and E. Tessmer, and A. Behle},
title =        {Numerical solution of the acoustic and elastic wave equation a new rapid expansion method},
publisher =    {EAGE},
year =         1989,
journal =      {Geophysical Prospecting},
volume = {37},
pages =        {383-394},
}

@article{lapilli.fowler:2013,
author = {C. Lapilli and P. J. Fowler},
title = {Rotation parameters for model building and stable parameter inversion in orthorhombic media},
publisher = {SEG},
year = 2013,
journal = {83rd Annual International Meeting, SEG, Expanded Abstracts},
pages = {4656-4660},
}

@article{liu:2009,
  author =       {F. Liu and S.A. Morton, and S. Jiang, and L. Ni, and J.P. Leveille},
  title =        {Decoupled Wave Equations for {P} and {SV} Waves in an Acoustic {VTI} Media},
  publisher =    {SEG},
  year =         2009,
  journal =      {79th Annual International Meeting, SEG, Expanded Abstracts},
  pages =        {2844-2848},
}

@article{liu.li:2000,
author = {Y. Liu and C. Li},
title = {Study of elastic wave propagation in two-phase anisotropic media by numerical modeling of pseudospectral method},
year = 2000,
journal = {Acta Seismologica Sinica},
volume = {13},
number = 2,
pages = {143-150},
}

@article{lisitsa:2010,
author = {V. Lisitsa and D. Vishnevskiy},
title = {Lebedev scheme for the numerical simulation of wave propagation in 3{D}
	anisotropic elasticity},
year = 2010,
journal = {Geophysical Prospecting},
volume = {58},
pages = {619-635},
}

@article{liu:1995,
author = {Q. Liu},
title = {Generalization of the k-space formulation to elastodynamic scattering problems},
year = 1995,
journal = {Journal of Acoustic Society of America},
volume = {97},
number = 3,
pages = {1373-1379},
}

@article{ma.zhu:2003,
  author =       {D. T. Ma and G. M. Zhu},
  title =        {P- and S-wave separated elastic wave equation numerical modeling {(in Chinese})},
  year =	 2003,
  journal =	 {Oil Geophysical Prospecting},
  volume =	 38,
  pages =	 {482-486},
}

@Book{morse.feshbach:1953,
author = {Morse, P. M., and H. Feshbach},
title =	 {Methods of {T}heoretical {P}hysics},
publisher = {McGraw-Hill Book Company},
year =	 1953,
}

@article{ozdenvar.mcmechan:1996,
  author =       {T. Ozdenvar and G. McMechan},
  title =        {Causes and reduction of numerical artifacts in pseudo-spectral wavefield extrapolation},
  year =	 1996,
  journal =	 {Geophysical Journal International},
  volume =	 126,
  pages =	 {819-829},
}

@article{pestana.stoffa:2010,
  author =       {R.C. Pestana and P. L. Stoffa},
  title =        {Time evolution of the wave equation using rapid expansion method},
  publisher =	 {SEG},
  year =	 2010,
  journal =	 {Geophysics},
  volume =	 75,
  number =	 4,
  pages =	 {T121-T131},
}

@article{pestana:2011,
  author =       {R.C. Pestana and B. Ursin, and P. L. Stoffa},
  title =        {Separate {P}- and {SV}-wave equations for {VTI} Media},
  publisher =    {SEG},
  year =         2011,
  journal =      {SEG Technical Program Expanded Abstracts},
  pages =        {163-167},
}

@article{saenger:2000,
  author =	 {E. H. Saenger and N. Gold, and S. A. Shapiro},
  title =	 {Modeling the propagation of the elastic waves using a modified
	  finite-difference grid},
  year =	 2000,
  journal =	 {Wave Motion},
  volume =	 31,
  pages =	 {77-92},
}

@article{schoenberg:1997,
  author =   {M. Schoenberg and K. Helbig},
  title =    {Orthorhombic media: Modeling elastic wave behavior in a vertically fractured earth},
  publisher =    {SEG},
  year =     1997,
  journal =  {Geophysics},
  volume =   62,
  number =   6,
  pages =    {1954-1974},
}

@article{soubaras.zhang:2008,
  author =	 {R. Soubaras and Y. Zhang},
  title =	 {Two-step explicit marching method for reverse-time migration},
  publisher =	 {EAGE},
  year =	 2008,
  journal =      {70th {EAGE} Conference and Exhibition 2008, Expanded Abstracts},
  pages =	 {F041},
}

@article{song.fomel:2011,
  author =	 {X. Song and S. Fomel},
  title =	 {Fourier finite-difference wave propagation},
  publisher =	 {SEG},
  year =	 2011,
  journal =	 {Geophysics},
  volume =	 76,
  number =	 5,
  pages =	 {T123-T129},
}

@article{song:2013,
  author =   {X. Song and T. Alkhalifah},
  title =    {Modeling of pseudoacoustic P-waves in orthorhombic media with a low-rank            approximation},
  publisher =    {SEG},
  year =     2013,
  journal =  {Geophysics},
  volume =   78,
  number =   4,
  pages =    {C33-C40},
}

@article{sun.fomel:2013,
  author =	 {J. Sun and S. Fomel},
  title =	 {Low-rank one-step wave extrapolation},
  publisher =	 {SEG},
  year =	 2013,
  journal =	 {83rd Annual International Meeting, SEG, Expanded Abstracts},
  pages =	 {1123-1127},
}

@article{sun.mcmechan:2001,
  author =	 {R. Sun and G. A. McMechan},
  title =	 {Scalar reverse-time depth migration of prestack elastic seismic data},
  publisher =	 {SEG},
  year =	 2001,
  journal =	 {Geophysics},
  volume =	 66,
  pages =	 {1514-1527},
}

@article{tabei:2002,
  author =	 {M. Tabei and T. D. Mast, and R. C. Waag},
  title =	 {A k-space method for coupled first-roder acoustic propagation equations},
  year =	 2002,
  journal =	 {Journal of Acoustic Society of America},
  volume =	 111,
  number =   1,
  pages =	 {56-63},
}

@article{talezer:1986,
  author =	 {H. Tal-Ezer},
  title =	 {Spectral methods in time for hyperbolic problems},
  year =	 1986,
  journal =	 {{SIAM} Journal on {N}umerical {A}nalysis},
  volume =	 23,
  pages =	 {11-26},
}

@article{talezer:1987,
  author =	 {H. Tal-Ezer and D. Kosloff, and Z. Koren},
  title =	 {An accurate scheme for seismic forward modelling},
  year =	 1987,
  journal =	 {Geophysical Prospecting},
  volume =	 35,
  pages =	 {479-490},
}

@article{thomsen:1986,
  author =	 {L. Thomsen},
  title =	 {Weak elastic anisotropy},
  publisher =	 {SEG},
  year =	 1986,
  journal =	 {Geophysics},
  volume =	 51,
  pages =	 {1954-1996},
}

@Book{tsvankin:2001,
  author =	 {I. Tsvankin},
  title =	 {Seismic signatures and analysis of reflection data
                  in anisotropioc media},
  publisher =	 {Elsevier Science Ltd.},
  year =	 2001,
}

@article{vavrycuk:1999,
author = {V. Vavrycuk},
title = {Properties of S-waves near a kiss singularity: a comparison of exact and ray solution},
year = 1999,
journal = {Geophysical Journal International},
volume = {138},
pages = {581-589},
}

@article{virieux:1986,
author = {J. Virieux},
title = {Velocity-stess finite-difference method},
year =1986, 
journal = {Geophysics},
volume = {51},
pages = {889-901},
}

@article{wang.cheng:2014a,
  author =     {C. L. Wang and J. B. Cheng, and T. F. Wang},
  title =      {Local angle domain elastic reverse-time migration in {TI} media},
  publisher =  {EAGE},
  year =       2014,
  journal =    {76th {EAGE} Conference and Exhibition 2014, Expanded Abstracts},
  pages =      {Oral},
}

@article{wang.cheng:2015,
  author =     {T. F. Wang and J. B. Cheng},
  title =      {Elastic wave mode decoupling for full waveform inversion},
  publisher =  {SEG},
  year =       2015,
  journal =    {85th {SEG} Annual International Meeting, Expanded Abstracts},
  pages =      {1461-1466},
}

@article{wapenaar:1987,
author = {C. P. A. Wapenaar and N. A. Kinneging, and A. J. Berkhout},
title = {Principle of prestack migration based on the full elastic two-way wave equation},
year =1987, 
journal = {Geophysics},
volume = {52},
number = {2},
pages = {151-173},
}

@article{winterstein,
author = {D.F. Winterstein},
title = {Velocity anisotropy terminology for geophysicists},
publisher = {SEG},
year = 1990,
journal = {Geophysics},
volume = {55},
number = {8},
pages = {1070-1088},
}

@article{wu:2014,
author = {Z. Wu and T. Alkhalifah},
title = {The optimized expansion based low rank method for wavefield extrapolation},
publisher = {SEG},
year = 2014,
journal = {Geophysics},
volume = {79},
number = {2},
pages = {T51-T60},
}

@article{xu.zhou:2014,
  author =       {S. Xu and H. Zhou},
  title =        {Accurate simulations of pure quasi-P-waves in complex anisotropic media},
  publisher =    {SEG},
  year =         2014,
  journal =      {Geophysics},
  volume =  79,
  number = 6,
  pages =        {T341-T348}
}

@article{yan.sava:2008,
author = {J. Yan and P. Sava},
title = {Isotropic angle domain elastic reverse time migration},
publisher = {SEG},
year = 2008,
journal = {Geophysics},
volume = {73},
number = {6},
pages = {S229-S239},
}

@article{yan.sava:2009,
author = {J. Yan and P. Sava},
title = {Elastic wave-mode separation for {VTI} media},
publisher = {SEG},
year = 2009,
journal = {Geophysics},
volume = {74},
number = {5},
pages = {WB19-WB32},
}

@article{yan.sava:2011,
author = {J. Yan and P. Sava},
title = {Improving the efficiency of elastic wave-mode separation for heterogenous tilted transverse isotropic media},
publisher = {SEG},
year = 2011,
journal = {Geophysics},
volume = {76},
number = {4},
pages = {T65-T78},
}

@article{yan:2009,
author = {J. Yan and P. Sava},
title = {{3D} elastic wave mode separation for {TTI} media},
publisher = {SEG},
year = 2009,
journal = {79th Annual International Meeting, SEG, Expanded Abstracts},
pages = {4294-4298},
}

@article{ying:2012,
author = {L. Ying},
title = {A pedestrain introduction to fast multipole methods},
year = 2012,
journal = {Science China Math},
volume = {55},
pages = {doi: 10.1007/s11425-012-4392-0},
doi   = {10.1007/s11425-012-4392-0},
}

@article{zhan:2012,
author = {G. Zhan and R. C. Pestana, and P. L. Stoffa},
title = {Decoupled equations for reverse time migration in tilted transversely isotropic media},
publisher = {SEG},
year = {2012},
journal = {Geophysics},
volume = {77},
number = {2},
pages = {T37-T45},
}

@article{zhang:2007,
author = {J. Zhang and Z. Tian, and C. Wang},
title = {P- and S-wave separated elastic wave equation numerical modeling using 2D staggered-grid},
publisher = {SEG},
year = 2007,
journal = {77th Annual International Meeting, SEG, Expanded Abstracts},
pages = {2104-2108},
}

@article{zhang:2011,
author = {Y. Zhang and H. Zhang, and G. Zhang},
title = {A stable {TTI} reverse time migration and its implementation},
publisher = {SEG},
year = 2011,
journal = {Geophysics},
volume = {76},
number = {3},
pages = {WA3-WA11},
}

@article{zhang.mcmechan:2010,
author = {Q. Zhang and George A. McMechan},
title = {{2D} and {3D} elastic wavefield vector decomposition in the wavenumber domain for {VTI} media},
publisher = {SEG},
year = 2010,
journal = {Geophysics},
volume = {75},
number = {3},
pages = {D13-D26},
}

@article{zhang.zhang:2009,
author = {Y. Zhang and G. Zhang},
title = {One-step extrapolation method for reverse time migration},
publisher = {SEG},
year = 2009,
journal = {Geophysics},
volume = {74},
number = {4},
pages = {A29-A33},
}

@article{zhou:2006eage,
  author =       {H. Zhou and G. Zhang, and R. Bloor},
  title =        {An anisotropic acoustic wave equation for {VTI} media},
  publisher =    {EAGE},
  year =         2006,
  journal =      {68th {EAGE} Conference and Exhibition 2006, Expanded Abstracts},
  pages =        {1171-1174},
}
