  @Article{french,
  author={W[] S[] French},
  title={Two-dimensional and three-dimensional migration of model-experiment reflection profiles},
  journal={Geophysics},
  year=1974,
  Volume=39,
  issue=3,
  pages={265-277}
  }

  @Article{crampyedlin,
  author={Stuart Crampin and M[] Yedlin},
  title={Shear-{W}ave {S}ingularities of {W}ave {P}ropagation in {A}nisotropic {M}edia},
  journal={Journal of {G}eophysics},
  year=1981,
  Volume=49,
  pages={43-46}
  }
  
  @Article{cramp1984,
  author={Stuart Crampin},
  title={An introduction to wave propagation in anisotropic media},
  journal={Geophysical {J}ournal of the {R}oyal {A}stronomical {S}ociety},
  year=1984,
  Volume=76,
  pages={17-28}
  }

@Article{cramp1991,
  author={Stuart Crampin},
  title={Effects of point singularities on shear-wave propagation in sedimentary basins},
  journal={Geophysical {J}ournal {I}nternational},
  year=1991,
  Volume=107,
  pages={531-543}
  }



@Article{mdk,
  author={Joe Dellinger and Francis Muir and M[] Karrenbach},
  title={Anelliptic approximations for {TI} media},
  journal={Journal of Seismic Exploration},
  year=1993,
  Volume=2,
  pages={23-40}
}


@Article{md,
  author={Francis Muir and Joe Dellinger},
  title={A practical anisotropic system},
  journal={SEP},
  year=1985,
  Volume=44,
  pages={55-58}
}

@Article{jw,
  author={L[] E[] A[] Jones and H[] F[] Wang},
  title={Ultrasonic velocities in Cretaceous shales from the Williston Basin},
  journal={Geophysics},
  year=1981,
  Volume=46,
  pages={288-297}
}

@Article{alkaortho,
  author={Tariq Alkhalifah},
  title={An acoustic wave equation for orthorhombic anisotropy},
  journal={Geophysics},
  year=2003,
  Volume=68,
  pages={1169-1172}
}

@Article{alkavti,
  author={Tariq Alkhalifah},
  title={Acoustic approximations for processing in transversely isotropic media},
  journal={Geophysics},
  year=1998,
  Volume=63,
  pages={623-631}
}


@Article{alkatsvankin,
  author={Tariq Alkhalifah and Ilya Tsvankin},
  title={Velocity Analysis for transversely isotropic media},
  journal={Geophysics},
  year=1995,
  Volume=60,
  pages={1550-1566}
}

@Article{thomsen,
  author={Leon Thomsen},
  title={Weak elastic anisotropy},
  journal={Geophysics},
  year=1986,
  Volume=51,
  pages={1954-1966}
}

@Article{tsvankinortho,
  author={Ilya Tsvankin},
  title={Anisotropic parameters and {P}-wave velocity for orthorhombic media},
  journal={Geophysics},
  year=1997,
  Volume=62,
  pages={1292-1309}
}

@Article{tsvankinvti,
  author={Ilya Tsvankin},
  title={P-wave signatures and notation for transversely isotropic media: {A}n overview},
  journal={Geophysics},
  year=1996,
  Volume=61,
  pages={467-483}
}

@Article{wang,
  author={Zhijing Wang},
  title={Seismic anisotropy in sedimentary rocks, {P}art 2: {L}aboratory data},
  journal={Geophysics},
  volume=67, 
  year=2002,
  pages={1423-1440}
}

@Article{vernik,
  author={Lev Vernik and Xingzhou Liu},
  title={Velocity anisotropy in shales: {A} petrophysical study},
  journal={Geophysics},
  volume=62, 
  year=1997,
  pages={521-532}
}

@Article{helbig,
  author={Michael Schoenberg and Klaus Helbig},
  title={Orthorhombic media: Modeling elastic wave behavior in a vertically fractured earth},
  journal={Geophysics},
  year=1997,
  Volume=62,
  pages={1954-1974}
}

   @Article{chapshearer,
  author={C[] H[] Chapman and P[] M[] Shearer},
  title={Ray tracing in azimuthally anisotropic media --- {II}. {Q}uasi-shear wave coupling},
  journal={Geophysical {J}ournal {I}nternational},
  year=1989,
  Volume=96,
  pages={65-83}
  }

@Article{joejohn,
  author={Joe Dellinger and John Etgen},
  title={Wave-field separation in two-dimensional anisotropic media},
  journal={Geophysics},
  volume=55, 
  year=1990,
  issue=7,
  pages={914-919}
}

  @Article{bakulin2,
  author={Andrey Bakulin and Vladimir Grechka and Ilya Tsvankin},
  title={Estimation of fracture parameters from reflection seismic data--{P}art {II}: {F}ractured models with orthorhombic symmetry},
  journal={Geophysics},
  year=2000,
  Volume=65,
  issue=6,
  pages={1803-1817}
  }

@Article{vavsing,
  author={V\'{a}clav Vavry\v{c}uk},
  title={Ray tracing in anisotropic media with singularities},
  journal={Geophysical {J}ournal {I}nternational},
  year=2001,
  Volume=145,
  pages={265-276}
  }


@Article{mah2003,
  author={Marko Mah and Douglas R[] Schmitt},
  title={Determination of the complete elastic stiffnesses from ultrasonic phase velocity measurements},
  journal={Journal of {G}eophysical {R}esearch},
  year=2003,
  Volume=108,
  issue={B1},
  pages={{ECV6} 1-11}
  }
  
  @Article{farra,
  author={V[] Farra and I[] P\v{s}en\v{c}\'{i}k},
  title={Properties of zero-, first- and higher-order approximations of attributes of elastic waves in weakly anisotropic media},
  journal={Journal of {A}coustical {S}ociety of America },
  year=2003,
  Volume=114,
  pages={1366-1378}
  }
  
@Article{xu,
  author={Xiaoxia Xu and Ilya Tsvankin and And\'{r}es Pech},
  title={Geometrical spreading of {P}-waves in horizontally layered, azimuthally anisotropic media},
  journal={Geophysics},
  volume=70, 
  year=2005,
  pages={D43-D53}
}

@Article{vascon,
  author={Ivan Vasconcelos and Ilya Tsvankin},
  title={Non-hyperbolic moveout inversion of wide-azimuth {P}-wave data for orthorhombic media},
  journal={Geophysical Prospecting},
  volume=54, 
  year=2006,
  pages={535-552}
}

@Article{candes,
  author={Emmanuel Candes and Laurent Demanet and Lexing Ying},
  title={Fast computation of Fourier integral operators},
  journal={{SIAM} {J}ournal of {S}cientific {C}omputing},
  volume=29, 
  year=2007,
  pages={2464-2493}
}


@Article{yaniso,
  author={Jia Yan and Paul Sava},
  title={Isotropic angle-domain elastic reverse-time migration},
  journal={Geophysics},
  volume=73, 
  year=2008,
  issue=6,
  pages={8229-8239}
}

@Article{yanvti,
  author={Jia Yan and Paul Sava},
  title={Elastic wave-mode separation for {VTI} media},
  journal={Geophysics},
  volume=74, 
  year=2009,
  issue=5,
  pages={WB19-WB32}
}

@Article{zm,
  author={Qunshan Zhang and George A[] Mc{M}echan},
  title={2{D} and 3{D} elastic wavefield vector decomposition in the wavenumber domain for {VTI} media},
  journal={Geophysics},
  volume=75, 
  year=2010,
  issue=3,
  pages={D13-D26}
}

@Article{yanpspi,
  author={Jia Yan and Paul Sava},
  title={Improving the efficiency of elastic wave-mode separation for heterogeneous tilted transverse isotropic media},
  journal={Geophysics},
  volume=76, 
  year=2011,
  issue=4,
  pages={T65-T78}
}

@Article{yantti,
  author={Jia Yan and Paul Sava},
  title={Elastic wave mode separation for tilted transverse isotropic media},
  journal={Geophysical Prospecting},
  volume=60, 
  year=2012,
  pages={29-48}
}

@Article{fomellr,
  author={Sergey Fomel and Lexing Ying and Xiaolei Song},
  title={Seismic wave extrapolation using low rank symbol approximation},
  journal={Geophysical Prospecting},
  volume=52, 
  year=2013,
  pages={526-536}
}

@Article{chengfomel,
  author={Jiubing Cheng and Sergey Fomel},
  title={Fast algorithms for elastic-wave-mode separation and vector decomposition using low-rank approximation for anisotropic media},
  journal={Geophysics},
  volume=79, 
  year=2014,
  issue=4,
  pages={C97-C110}
}

@Article{chengpseudop,
  author={Jiubing Cheng and Wei Kang},
  title={Simulating propagation of separated wave modes in general anisotropic media, {P}art {I}: q{P}-wave propagators},
  journal={Geophysics},
  volume=79, 
  year=2014,
  issue=1,
  pages={C1-C18}
}

@Article{yangkang,
  author={Yangkang Chen and Sergey Fomel},
  title={Random noise attenuation using local signal-noise orthogonalization},
  journal={Geophysics},
  volume=80, 
  year=2015,
  issue=6,
  pages={WD1-WD18}
}

@Article{zoneortho,
  author={Yanadet Sripanich and Sergey Fomel},
  title={On anelliptic approximations for q{P} velocities in transversely isotropic and orthorhombic media},
  journal={Geophysics},
  volume=80, 
  year=2015,
  issue=5,
  pages={C89-C105}
}

@Article{chengpseudos,
  author={Jiubing Cheng and Wei Kang},
  title={Simulating propagation of separated wave modes in general anisotropic media, {P}art {II}: q{S}-wave propagators},
  journal={Geophysics},
  volume=81, 
  year=2016,
  issue=2,
  pages={C39-C52}
}

@Article{wangcheng,
  author={Chenlong Wang and Jiubing Cheng and B\orge Arntsen},
  title={Scalar and vector imaging based on wave mode decoupling for elastic reverse time migration in isotropic and {TI} media},
  journal={Geophysics},
  year=2016,
  volume=81, 
  issue=5,
  pages={S383-S398}
}

@Article{zonedecompgp,
  author={Yanadet Sripanich and Sergey Fomel and Junzhe Sun and Jiubing Cheng},
  title={Elastic wave-vector decomposition in heterogeneous anisotropic media},
  journal={Geophysical Prospecting},
  year=2016,
  note={forthcoming}
}

@BOOK{akirichards,
  author = {Keiiti Aki and Paul G[] Richards},
  title = {Quantitative Seismology},
  publisher = {University Science Books},
  year = 2002
}

@book{tsvankin2011book,
  author={Ilya Tsvankin and Vladimir Grechka},
  title={Seismology of {A}zimuthally {A}nisotropic {M}edia and {S}eismic {F}racture {C}haracterization},
  year={2011},
  publisher={Society of Exploration Geophysicists},
  address={P.O. Box 702740 Tulsa, OK 74170-2740}
}

@book{tsvankinbook,
  author={Ilya Tsvankin},
  title={Seismic Signatures and Analysis of Reflection Data in Anisotropic Media},
  year={2012},
  publisher={Society of Exploration Geophysicists},
  address={P.O. Box 702740 Tulsa, OK 74170-2740}
}

@book{grechkabook,
  author={Vladimir Grechka},
  title={Applications of Seismic Anisotropy in the Oil and Gas Industry},
  year={2009},
  publisher={European Association of Geoscientists and Engineers},
  address={P.O. Box 59 3990 DB Houten The Netherlands}
}

@book{thomsenbook,
  author={Leon Thomsen},
  title={Understanding Seismic Anisotropy in Exploration and Exploitation},
  year={2014},
  edition=2,
  publisher={Society of Exploration Geophysicists and European Association of Geoscientists and Engineers},
}

@preamble{"\newcommand{\SortNoop}[1]{}"}

@BOOK{cerveny,
  author = {V[] {\SortNoop{Cerveny}}\v{C}erven\'{y}},
  title = {Seismic Ray Theory},
  publisher = {Cambridge University Press},
  year = 2001
}

@inproceedings{zone,
  author={Yanadet Sripanich and Sergey Fomel},
  title={Modified anelliptic approximations for q{P} velocities in tranversely isotropic media},
  booktitle={84th Annual International Meeting Expanded Abstracts},
  publisher={Society of Exploration Geophysicists},
  year=2014,
}

@inproceedings{zone2,
  author={Yanadet Sripanich and Sergey Fomel},
  title={Anelliptic approximations for q{P} velocities in orthorhombic media},
  booktitle={84th Annual International Meeting Expanded Abstracts},
  publisher={Society of Exploration Geophysicists},
  year=2014,
}

@inproceedings{zonedecomp,
  author={Yanadet Sripanich and Sergey Fomel and Junzhe Sun and Jiubing Cheng},
  title={Elastic wave-vector decomposition in orthorhombic media},
  booktitle={85th Annual International Meeting Expanded Abstracts},
  publisher={Society of Exploration Geophysicists},
  year=2015,
  pages={498-503}
}


@inproceedings{wangchengwang,
  author={Tengfei Wang and Jiubing Cheng and Chenlong Wang},
  title={Elastic wave mode decoupling for full waveform inversion},
  booktitle={77th Annual EAGE Meeting Expanded Abstracts},
  publisher={EAGE},
  year=2015
}

@inproceedings{parameter,
  author={Yanadet Sripanich and Sergey Fomel and Paul Fowler},
  title={A comparison of anisotropic parameterization for {TI} and orthorhombic media and their sensitivity with respect to q{P} velocities},
  booktitle={86th Annual International Meeting Expanded Abstracts},
  publisher={Society of Exploration Geophysicists},
  year=2016,
  pages={479-484}
}

@inproceedings{rite,
  author={Junzhe Sun and Sergey Fomel and Yanadet Sripanich and Paul Fowler},
  title={Recursive integral time extrapolation of elastic waves using lowrank approximation},
  booktitle={86th Annual International Meeting Expanded Abstracts},
  publisher={Society of Exploration Geophysicists},
  year=2016,
  pages={4145-4151}
}

@inproceedings{riteiwsa,
  author={Junzhe Sun and Sergey Fomel and Yanadet Sripanich and Paul Fowler},
  title={Elastic wave extrapolation in strongly heterogeneous anisotropic media},
  booktitle={17th Internation Workshop on Seismic Anisotropy},
  year=2016
}

@inproceedings{mdiwsa,
  author={Yanadet Sripanich and Sergey Fomel and Paul Fowler and Alexey Stovas and Kyle Spikes},
  title={Muir-Dellinger parameters for analysis of anisotropic signatures},
  booktitle={17th Internation Workshop on Seismic Anisotropy},
  year=2016
}

@phdthesis{joethesis,
  author={Joe A. Dellinger},
  title={Anisotropic {S}eismic {W}ave {P}ropagation},
  school={Stanford {U}niversity},
  year=1991
}


