@inproceedings{baumstein11,
	author={A[] Baumstein and W[] Ross and S[] Lee},
	title={Simultaneous source elastic inversion of surface waves},
	booktitle={73rd Conference and Exhibition, EAGE, Extended Abstracts},
	year=2011,
	pages={C040}
}

@article{ben11,
	author={H[] Ben-Hadj-Ali and S[] Operto and J[] Virieux},
	title={An efficient frequency-domain full waveform inversion method using simultaneous encoded sources},
	journal={Geophysics},
	year=2011,
	volume=76,
	issue=4,
	pages={R109-R124}
}

@inproceedings{bourgeois91,
	author={A[] Bourgeois and M[] Bourget and P[] Lailly and M[] Poulet and P[] Ricarte and R[] Versteeg},
	title={{M}armousi, model and data, \textit{in} {P}. {L}ailly and {R}. {V}ersteeg, eds., {T}he {M}armousi experience},
	booktitle={52nd EAGE Meeting, Proceedings of the Workshop on the Practical Aspects of Seismic Data Inversion},
	year=1991,
	pages={5-16}
}

@article{cai09,
	author={J[] F[] Cai and S[] Osher and Z[] Shen},
	title={Linearized Bregman iterations for compressed sensing},
	journal={Mathematics of Computation},
	year=2009,
	volume=78,
	pages={1515-1536}
}

@article{candes05,
	author={E[] J[] Cand\`{e}s and L[] Demanet},
	title={The curvelet representation of wave propagations is optimally sparse},
	journal={Communications on Pure and Applied Mathematics},
	year=2005,
	volume=58,
	pages={1472-1528}
}

@article{chen16,
	author={Y[] Chen and J[] Ma and S[] Fomel},
	title={Double sparsity dictionary for seismic noise attenuation},
	journal={Geophysics},
	year=2016,
	volume=81,
	issue=2,
	pages={V17-V30}
}

@article{fomel02,
	author={S[] Fomel},
	title={Applications of plane-wave destruction filters},
	journal={Geophysics},
	year=2002,
	volume=67,
	issue=6,
	pages={1946-1960}
}

@article{fomel07,
	author={S[] Fomel},
	title={Shaping regularization in geophysical-estimation problems},
	journal={Geophysics},
	year=2007,
	volume=72,
	issue=2,
	pages={R29-R36}
}

@inproceedings{fomel08,
	author={S[] Fomel},
	title={Nonlinear shaping regularization in geophysical inverse problems},
	year=2008,
	booktitle={78th Annual International Meeting, SEG, Expanded Abstracts},
	pages={2046-2051}
}

@article{fomel10,
	author={S[] Fomel and Y[] Liu},
	title={Seislet transform and seislet frame},
	journal={Geophysics},
	year=2010,
	volume=75,
	issue=3,
	pages={V25-V38}
}

@article{fomel13,
	author={S[] Fomel and P[] Sava and I[] Vlad and Y[] Liu and V[] Bashkardin},
	title={Madagascar: {O}pen-source software project for multidimensional data analysis and reproducible computational experiments},
	journal={Journal of Open Research Software},
	year=2013,
	volume=1,
	issue=1,
	pages={e8}
}

@article{guitton12,
	author={A[] Guitton and G[] Ayeni and E[] D\'{i}az},
	title={Constrained full-waveform inversion by model reparameterization},
	journal={Geophysics},
	year=2012,
	volume=77,
	issue=2,
	pages={R117-R127} 
}

@article{krebs09,
	author={J[] R[] Krebs and J[] E[] Anderson and D[] Hinkley and R[] Neelamani and S[] Lee and A[] Baumstein and M[] D[] Lacasse},
	title={Fast full-wavefield seismic inversion using encoded sources},
	journal={Geophysics},
	year=2009,
	volume=74,
	issue=6,
	pages={WCC177-WCC188}
}

@inproceedings{lailly83,
	author={P[] Lailly},
	title={The seismic inverse problem as a sequence of before stack migrations},
	year=1983,
	booktitle={Conference on Inverse Scattering, Theory and Application, Society for Industrial and Applied Mathematics, Expanded Abstracts},
	pages={206-220}
}

@inproceedings{li14,
	author={S[] Li and S[] Fomel and H[] Zhu},
	title={Frequency-domain reverse-time migration with a sparse-frequency sampling},
	year=2014,
	booktitle={84th Annual International Meeting, SEG, Expanded Abstracts},
	pages={3898-3904}
}

@article{li12,
	author={X[] Li and A[] Y[] Aravkin and T[] van Leeuwen and F[] J[] Herrmann},
	title={Fast randomized full-waveform inversion with compressive sensing},
	journal={Geophysics},
	year=2012,
	volume=77,
	issue=3,
	pages={A13-A17}
}

@article{loris07,
	author={I[] Loris and G[] Nolet and I[] Daubechies and F[] A[] Dahlen},
	title={Tomographic inversion using $l_1$-norm regularization of wavelet coefficients},
	journal={Geophysical Journal International},
	year=2007,
	volume=170,
	issue=1,
	pages={359-370}
}

@article{ma12,
	author={Y[] Ma and D[] Hale and B[] Gong and Z[] Meng},
	title={Image-guided sparse-model full waveform inversion},
	journal={Geophysics},
	year=2012,
	volume=77,
	issue=4,
	pages={R189-R198} 
}

@article{mora87,
	author={P[] R[] Mora},
	title={Nonlinear two-dimensional elastic inversion of multi-offset seismic data},
	journal={Geophysics},
	year=1987,
	volume=52,
	issue=9,
	pages={1211-1228}
}

@inproceedings{morton98,
	author={S[] A[] Morton and C[] C[] Ober},
	title={Faster shot-record depth migration using phase encoding},
	booktitle={68th Annual International Meeting, SEG, Expanded Abstracts},
	year=1998,
	pages={1131-1134}
}

@article{romero00,
	author={L[] A[] Romero and D[] C[] Chiglia and C[] C[] Ober and S[] A[] Morton},
	title={Phase encoding of shot records in prestack migration},
	journal={Geophysics},
	year=2000,
	volume=65,
	issue=2,
	pages={426-436}
}

@article{tarantola84,
	author={A[] Tarantola},
	title={Inversion of seismic reflection data in the acoustic approximation},
	journal={Geophysics},
	year=1984,
	volume=49,
	issue=8,
	pages={1259-1266}
}

@book{tarantola87,
	author={A[] Tarantola},
	title={Inverse problem theory: Methods for data fitting and model parameter estimation},
	publisher={Elsevier Science Publ. Co., Inc.},
	year=1987
}

@article{virieux09,
	author={J[] Virieux and S[] Operto},
	title={An overview of full-waveform inversion in exploration geophysics},
	journal={Geophysics},
	year=2009,
	volume=74,
	issue=6,
	pages={WCC1-WCC26}
}

@article{xue16,
	author={Z[] Xue and Y[] Chen and S[] Fomel and J[] Sun},
	title={Seismic imaging of incomplete data and simultaneous-source data using least-squares reverse-time migration with shaping regularization},
	journal={Geophysics},
	year=2016,
	volume=81,
	issue=1,
	pages={S11-S20} 
}

@article{yin08,
	author={W[] Yin and S[] Osher and D[] Goldfarb and J[] Darbon},
	title={Bregman iterative algorithms for $l_1$-minimization with applications to compressed sensing},
	journal={SIAM Journal on Imaging Sciences},
	year=2008,
	volume=1,
	pages={143-168}
}
