@article{rowbatham,
author={Rowbotham, Peter S. and  Pratt, R.    G.},
year={1997},
title={Improved inversion through use of the null space},
journal={Geophysics},
volume={62},
number={3},
pages={869-883}}

@article{helix,
author={Claerbout, Jon F.},
year={1998},
title={Multi-dimensional recursive filtering via the helix},
journal={Geophysics},
volume={63},
number={5},
pages={1532-1541}}


@article{jun,
author={Ji, Jun},
year={1997},
title={Tomographic velocity estimation with plane-wave synthesis},
journal={Geophysics},
volume={62},
number={6},
pages={1825-1838}}


@article{error,
author={Delprat-Jannaud, F. and Lailly, P.},
year={1992},
title={What information on the earth model do reflection travel times provide?},
journal={J. Geophysical Research},
volume={97},
pages={19827-19844}}

@Book{pvi,
  author =   {Jon F. Claerbout},
  title = {{E}arth {S}oundings {A}nalysis: {P}rocessing versus {I}nversion},
  publisher =    {Blackwell Scientific Publications},
  year =   1992
}

@inproceedings{SEG.1994.1406,
author={Rekdal, Thorbjorn and  Biondi, Biondo},
year={1994},
title={Paraxial ray tracing in the Marmousi model},
booktitle={64th Annual Internat. Mtg., Soc. Expl. Geophys., Expanded Abstracts},
publisher={},
volume={94},
pages={1406-1409},
keywords={imaging; modeling; prestack; ray tracing; traveltime}}


@article{GEO61.05.15111523,
author={Kosloff, D. and  Sherwood, J. and  Koren, Z. and  Machet, E. and  Falkovitz, Y.},
year={1996},
title={Velocity and interface depth determination by tomography of depth migrated gathers},
journal={61},
volume={5},
number={1511-1523}}


@inbook{TME00-00-00010194,
author={Versteeg, R. and  Grau, G.},
year={1990},
title={Practical aspects of seismic data inversion, The Marmousi experience *},
editor={Versteeg, R.; Grau, G.},
booktitle={Proceedings of 1990 EAEG Workshop, 52nd EAEG Meeting},
city={Copenhagen},
publisher={Eur. Assoc. Expl. Geophys.},
pages={1-194},
keywords={structural imaging; migration; case history},
notes={Eight comparisons of inversion techniques}}


@Booklet{fgdp,  title =    {Fundamentals of {G}eophysical {D}ata {P}rocessing},
  author =   {J. Claerbout},
  howpublished = {http://sepwww.stanford.edu/sep/prof/},  year =   1976
}

@article{GEO62-03-09700979,
author={Al-Chalabi, M.},
year={1997},
title={Parameter nonuniqueness in velocity versus depth functions},
journal={Geophysics},
volume={62},
number={03},
pages={970-979}}



@article{GEO60-01-01640175,
author={Tieman, Hans J.},
year={1995},
title={Migration velocity analysis: Accounting for the effects of lateral velocity variations},
journal={Geophysics},
volume={60},
number={01},
pages={164-175}}
 
@incollection{SEG-1994-1338,
author={Stork, Christof},
year={1994},
title={Demonstration of MVA tomography with controls and constraints for determining an accurate velocity model for prestack depth migration},
booktitle={64th Annual Internat. Mtg., Soc. Expl. Geophys., Expanded Abstracts},
publisher={},
pages={1338-1342},
keywords={migration, tomography, velocity, imaging, prestack}}

@article{rowbatham,
author={Rowbotham, Peter S. and  Pratt, R.    G.},
year={1997},
title={Improved inversion through use of the null space},
journal={Geophysics},
volume={62},
number={3},
pages={869-883}}

@article{helix,
author={Claerbout, Jon F.},
year={1998},
title={Multi-dimensional recursive filtering via the helix},
journal={Geophysics},
volume={63},
number={5},
pages={1532-1541}}


@article{jun,
author={Ji, Jun},
year={1997},
title={Tomographic velocity estimation with plane-wave synthesis},
journal={Geophysics},
volume={62},
number={6},
pages={1825-1838}}


@article{error,
author={Delprat-Jannaud, F. and Lailly, P.},
year={1992},
title={What information on the earth model do reflection travel times provide?},
journal={J. Geophysical Research},
volume={97},
pages={19827-19844}}



@Book{geostat,
  author =   {Issaks, Edward H. and Srivastava, R. M.},
  title = {An {I}ntroduction to {A}pplied {G}eostatistics},
  publisher =    {Oxford University Press},
  year =   1989
}



@Book{pvi,
  author =   {Jon F. Claerbout},
  title = {{E}arth {S}oundings {A}nalysis: {P}rocessing versus {I}nversion},
  publisher =    {Blackwell Scientific Publications},
  year =   1992
}


@inproceedings{SEG.1994.1406,
author={Rekdal, Thorbjorn and  Biondi, Biondo},
year={1994},
title={Paraxial ray tracing in the Marmousi model},
booktitle={64th Annual Internat. Mtg., Soc. Expl. Geophys., Expanded Abstracts},
publisher={},
volume={94},
pages={1406-1409},
keywords={imaging; modeling; prestack; ray tracing; traveltime}}


@article{GEO61.05.15111523,
author={Kosloff, D. and  Sherwood, J. and  Koren, Z. and  Machet, E. and  Falkovitz, Y.},
year={1996},
title={Velocity and interface depth determination by tomography of depth migrated gathers},
journal={61},
volume={5},
number={1511-1523}}


@inbook{TME00-00-00010194,
author={Versteeg, R. and  Grau, G.},
year={1990},
title={Practical aspects of seismic data inversion, The Marmousi experience *},
editor={Versteeg, R.; Grau, G.},
booktitle={Proceedings of 1990 EAEG Workshop, 52nd EAEG Meeting},
city={Copenhagen},
publisher={Eur. Assoc. Expl. Geophys.},
pages={1-194},
keywords={structural imaging; migration; case history},
notes={Eight comparisons of inversion techniques}}


@Booklet{fgdp,  title =    {Fundamentals of {G}eophysical {D}ata {P}rocessing},
  author =   {J. Claerbout},
  howpublished = {http://sepwww.stanford.edu/sep/prof/},  year =   1976
}

@article{rowbatham,
author={Rowbotham, Peter S. and  Pratt, R.    G.},
year={1997},
title={Improved inversion through use of the null space},
journal={Geophysics},
volume={62},
number={3},
pages={869-883}}

@article{helix,
author={Claerbout, Jon F.},
year={1998},
title={Multi-dimensional recursive filtering via the helix},
journal={Geophysics},
volume={63},
number={5},
pages={1532-1541}}


@article{jun,
author={Ji, Jun},
year={1997},
title={Tomographic velocity estimation with plane-wave synthesis},
journal={Geophysics},
volume={62},
number={6},
pages={1825-1838}}


@article{error,
author={Delprat-Jannaud, F. and Lailly, P.},
year={1992},
title={What information on the earth model do reflection travel times provide?},
journal={J. Geophysical Research},
volume={97},
pages={19827-19844}}


@Book{pvi,
  author =   {Jon F. Claerbout},
  title = {{E}arth {S}oundings {A}nalysis: {P}rocessing versus {I}nversion},
  publisher =    {Blackwell Scientific Publications},
  year =   1992
}

@Booklet{gee,
  title =    {{G}eophysical {E}stimation by {E}xample: {E}nvironmental soundings
 image enhancement},
  author =   {J. Claerbout},
  howpublished = {\url{http://sepwww.stanford.edu/sep/prof/}},
  year =   1998
}


@inproceedings{SEG.1994.1406,
author={Rekdal, Thorbjorn and  Biondi, Biondo},
year={1994},
title={Paraxial ray tracing in the Marmousi model},
booktitle={64th Annual Internat. Mtg., Soc. Expl. Geophys., Expanded Abstracts},
publisher={},
volume={94},
pages={1406-1409},
keywords={imaging; modeling; prestack; ray tracing; traveltime}}


@article{GEO61.05.15111523,
author={Kosloff, D. and  Sherwood, J. and  Koren, Z. and  Machet, E. and  Falkovitz, Y.},
year={1996},
title={Velocity and interface depth determination by tomography of depth migrated gathers},
journal={61},
volume={5},
number={1511-1523}}


@inbook{TME00-00-00010194,
author={Versteeg, R. and  Grau, G.},
year={1990},
title={Practical aspects of seismic data inversion, The Marmousi experience *},
editor={Versteeg, R.; Grau, G.},
booktitle={Proceedings of 1990 EAEG Workshop, 52nd EAEG Meeting},
city={Copenhagen},
publisher={Eur. Assoc. Expl. Geophys.},
pages={1-194},
keywords={structural imaging; migration; case history},
notes={Eight comparisons of inversion techniques}}


@Booklet{fgdp,  title =    {Fundamentals of {G}eophysical {D}ata {P}rocessing},
  author =   {J. Claerbout},
  howpublished = {http://sepwww.stanford.edu/sep/prof/},  year =   1976
}

@inproceedings{bob.segab.1998,
   author={B[] Clapp and B[iondo] L[] Biondi and  S[ergey] Fomel and J[] Claerbout},
   booktitle = {Expanded Abstracts},
   pages = {submitted},
   publisher = {Soc. Expl. Geophys.},
   title={Regularizing velocity estimation using geologic dip information},
   year = {1998},
   meeting= {68th Ann. Internat. Meeting}
}

@UNPUBLISHED{Etgen,
author = { J[ohn] Etgen},
title={Problems and prospects in interval velocity estimation},
note={Presented at the Stanford  Exploration Project Annual Meeting},
year={1997}
}

@ARTICLE {harlan.rtopics.www,
         author       = {W[illiam] S[] Harlan},
   organization = {{A}dvance},
   title        = {Promising research topics},
   year         = {1996},
         journal      = {http://sepwww.stanford.edu/oldsep/harlan/papers/seg96review.ps.gz}
         }

@Book{sod,
  author =       {G[] A[] Sod},
  title =        {Numerical Methods in Fluid Mechanics},
  publisher =    {Cambridge University Press},
  year =         1985
}





@incollection{schwab,
  author={Matthias Schwab and Jon Claerbout, and Curt Holden},
  title={Revealing geologic discontinuities by plane reflector suppression},
  year=1996,
  booktitle={66th Annual Internat. Mtg., Soc. Expl. Geophys., Expanded Abstracts},
  publisher={Soc. Expl. Geophys.},
  pages={302-305},
  address={Tulsa}
  }

@incollection{clapp,
  author={Robert G. Clapp and Biondo L. Biondi},
  title={Multi-azimuth velocity estimation},
  year=1995,
  booktitle={65th Annual Internat. Mtg., Soc. Expl. Geophys., Expanded Abstracts},
  publisher={Soc. Expl. Geophys.},
  pages={1014-1017},
  address={Tulsa}
  }

@incollection{crawley,
  author={Sean Crawley},
  title={Shot interpolation for radon multiple suppression},
  year=1998,
  booktitle={68th Annual Internat. Mtg., Soc. Expl. Geophys., Expanded Abstracts},
	pages={submitted},
  publisher={Soc. Expl. Geophys.},
  address={Tulsa}
  }


@incollection{claerbout,
  author={Jon F. Claerbout},
  title={Multidimensional recursive filters via a helix},
  year=1998,
  booktitle={68th Annual Internat. Mtg., Soc. Expl. Geophys., Expanded Abstracts},
	pages={submitted},
  publisher={Soc. Expl. Geophys.},
  address={Tulsa}
  }



@article{rowbatham,
author={Rowbotham, Peter S. and  Pratt, R.    G.},
year={1997},
title={Improved inversion through use of the null space},
journal={Geophysics},
volume={62},
number={3},
pages={869-883}}

@article{helix,
author={Claerbout, Jon F.},
year={1998},
title={Multi-dimensional recursive filtering via the helix},
journal={Geophysics},
volume={63},
number={5},
pages={1532-1541}}


@article{jun,
author={Ji, Jun},
year={1997},
title={Tomographic velocity estimation with plane-wave synthesis},
journal={Geophysics},
volume={62},
number={6},
pages={1825-1838}}


@article{error,
author={Delprat-Jannaud, F. and Lailly, P.},
year={1992},
title={What information on the earth model do reflection travel times provide?},
journal={J. Geophysical Research},
volume={97},
pages={19827-19844}}

@Book{pvi,
  author =   {Jon F. Claerbout},
  title = {{E}arth {S}oundings {A}nalysis: {P}rocessing versus {I}nversion},
  publisher =    {Blackwell Scientific Publications},
  year =   1992
}


@inproceedings{SEG.1994.1406,
author={Rekdal, Thorbjorn and  Biondi, Biondo},
year={1994},
title={Paraxial ray tracing in the Marmousi model},
booktitle={64th Annual Internat. Mtg., Soc. Expl. Geophys., Expanded Abstracts},
publisher={},
volume={94},
pages={1406-1409},
keywords={imaging; modeling; prestack; ray tracing; traveltime}}


@article{GEO61.05.15111523,
author={Kosloff, D. and  Sherwood, J. and  Koren, Z. and  Machet, E. and  Falkovitz, Y.},
year={1996},
title={Velocity and interface depth determination by tomography of depth migrated gathers},
journal={61},
volume={5},
number={1511-1523}}


@inbook{TME00-00-00010194,
author={Versteeg, R. and  Grau, G.},
year={1990},
title={Practical aspects of seismic data inversion, The Marmousi experience *},
editor={Versteeg, R.; Grau, G.},
booktitle={Proceedings of 1990 EAEG Workshop, 52nd EAEG Meeting},
city={Copenhagen},
publisher={Eur. Assoc. Expl. Geophys.},
pages={1-194},
keywords={structural imaging; migration; case history},
notes={Eight comparisons of inversion techniques}}


@Booklet{fgdp,  title =    {Fundamentals of {G}eophysical {D}ata {P}rocessing},
  author =   {J. Claerbout},
  howpublished = {http://sepwww.stanford.edu/sep/prof/},  year =   1976
}

@article{GEO51-10-18931903,
author={Tarantola, A.},
year={1986},
title={A strategy for nonlinear elastic inversion of seismic reflection data},
journal={Geophysics},
volume={51},
number={10},
pages={1893-1903}}
@article{rowbatham,
author={Rowbotham, Peter S. and  Pratt, R.    G.},
year={1997},
title={Improved inversion through use of the null space},
journal={Geophysics},
volume={62},
number={3},
pages={869-883}}

@article{helix,
author={Claerbout, Jon F.},
year={1998},
title={Multi-dimensional recursive filtering via the helix},
journal={Geophysics},
volume={63},
number={5},
pages={1532-1541}}


@article{jun,
author={Ji, Jun},
year={1997},
title={Tomographic velocity estimation with plane-wave synthesis},
journal={Geophysics},
volume={62},
number={6},
pages={1825-1838}}


@article{error,
author={Delprat-Jannaud, F. and Lailly, P.},
year={1992},
title={What information on the earth model do reflection travel times provide?},
journal={J. Geophysical Research},
volume={97},
pages={19827-19844}}


@Book{pvi,
  author =   {Jon F. Claerbout},
  title = {{E}arth {S}oundings {A}nalysis: {P}rocessing versus {I}nversion},
  publisher =    {Blackwell Scientific Publications},
  year =   1992
}


@inproceedings{SEG.1994.1406,
author={Rekdal, Thorbjorn and  Biondi, Biondo},
year={1994},
title={Paraxial ray tracing in the Marmousi model},
booktitle={64th Annual Internat. Mtg., Soc. Expl. Geophys., Expanded Abstracts},
publisher={},
volume={94},
pages={1406-1409},
keywords={imaging; modeling; prestack; ray tracing; traveltime}}


@article{GEO61.05.15111523,
author={Kosloff, D. and  Sherwood, J. and  Koren, Z. and  Machet, E. and  Falkovitz, Y.},
year={1996},
title={Velocity and interface depth determination by tomography of depth migrated gathers},
journal={61},
volume={5},
number={1511-1523}}


@inbook{TME00-00-00010194,
author={Versteeg, R. and  Grau, G.},
year={1990},
title={Practical aspects of seismic data inversion, The Marmousi experience *},
editor={Versteeg, R.; Grau, G.},
booktitle={Proceedings of 1990 EAEG Workshop, 52nd EAEG Meeting},
city={Copenhagen},
publisher={Eur. Assoc. Expl. Geophys.},
pages={1-194},
keywords={structural imaging; migration; case history},
notes={Eight comparisons of inversion techniques}}


@Booklet{fgdp,  title =    {Fundamentals of {G}eophysical {D}ata {P}rocessing},
  author =   {J. Claerbout},
  howpublished = {http://sepwww.stanford.edu/sep/prof/},  year =   1976
}

@inproceedings{bob.segab.1998,
   author={B[] Clapp and B[iondo] L[] Biondi and  S[ergey] Fomel and J[] Claerbout},
   booktitle = {Expanded Abstracts},
   pages = {submitted},
   publisher = {Soc. Expl. Geophys.},
   title={Regularizing velocity estimation using geologic dip information},
   year = {1998},
   meeting= {68th Ann. Internat. Meeting}
}

@UNPUBLISHED{Etgen,
author = { J[ohn] Etgen},
title={Problems and prospects in interval velocity estimation},
note={Presented at the Stanford  Exploration Project Annual Meeting},
year={1997}
}

@ARTICLE {harlan.rtopics.www,
         author       = {W[illiam] S[] Harlan},
   organization = {{A}dvance},
   title        = {Promising research topics},
   year         = {1996},
         journal      = {http://sepwww.stanford.edu/oldsep/harlan/papers/seg96review.ps.gz}
         }

@Book{sod,
  author =       {G[] A[] Sod},
  title =        {Numerical Methods in Fluid Mechanics},
  publisher =    {Cambridge University Press},
  year =         1985
}





@incollection{schwab,
  author={Matthias Schwab and Jon Claerbout, and Curt Holden},
  title={Revealing geologic discontinuities by plane reflector suppression},
  year=1996,
  booktitle={66th Annual Internat. Mtg., Soc. Expl. Geophys., Expanded Abstracts},
  publisher={Soc. Expl. Geophys.},
  pages={302-305},
  address={Tulsa}
  }

@incollection{clapp,
  author={Robert G. Clapp and Biondo L. Biondi},
  title={Multi-azimuth velocity estimation},
  year=1995,
  booktitle={65th Annual Internat. Mtg., Soc. Expl. Geophys., Expanded Abstracts},
  publisher={Soc. Expl. Geophys.},
  pages={1014-1017},
  address={Tulsa}
  }

@incollection{crawley,
  author={Sean Crawley},
  title={Shot interpolation for radon multiple suppression},
  year=1998,
  booktitle={68th Annual Internat. Mtg., Soc. Expl. Geophys., Expanded Abstracts},
	pages={submitted},
  publisher={Soc. Expl. Geophys.},
  address={Tulsa}
  }


@incollection{claerbout,
  author={Jon F. Claerbout},
  title={Multidimensional recursive filters via a helix},
  year=1998,
  booktitle={68th Annual Internat. Mtg., Soc. Expl. Geophys., Expanded Abstracts},
	pages={submitted},
  publisher={Soc. Expl. Geophys.},
  address={Tulsa}
  }



@article{rowbatham,
author={Rowbotham, Peter S. and  Pratt, R.    G.},
year={1997},
title={Improved inversion through use of the null space},
journal={Geophysics},
volume={62},
number={3},
pages={869-883}}

@article{helix,
author={Claerbout, Jon F.},
year={1998},
title={Multi-dimensional recursive filtering via the helix},
journal={Geophysics},
volume={63},
number={5},
pages={1532-1541}}


@article{jun,
author={Ji, Jun},
year={1997},
title={Tomographic velocity estimation with plane-wave synthesis},
journal={Geophysics},
volume={62},
number={6},
pages={1825-1838}}


@article{error,
author={Delprat-Jannaud, F. and Lailly, P.},
year={1992},
title={What information on the earth model do reflection travel times provide?},
journal={J. Geophysical Research},
volume={97},
pages={19827-19844}}


@Book{pvi,
  author =   {Jon F. Claerbout},
  title = {{E}arth {S}oundings {A}nalysis: {P}rocessing versus {I}nversion},
  publisher =    {Blackwell Scientific Publications},
  year =   1992
}


@inproceedings{SEG.1994.1406,
author={Rekdal, Thorbjorn and  Biondi, Biondo},
year={1994},
title={Paraxial ray tracing in the Marmousi model},
booktitle={64th Annual Internat. Mtg., Soc. Expl. Geophys., Expanded Abstracts},
publisher={},
volume={94},
pages={1406-1409},
keywords={imaging; modeling; prestack; ray tracing; traveltime}}


@article{GEO61.05.15111523,
author={Kosloff, D. and  Sherwood, J. and  Koren, Z. and  Machet, E. and  Falkovitz, Y.},
year={1996},
title={Velocity and interface depth determination by tomography of depth migrated gathers},
journal={61},
volume={5},
number={1511-1523}}


@inbook{TME00-00-00010194,
author={Versteeg, R. and  Grau, G.},
year={1990},
title={Practical aspects of seismic data inversion, The Marmousi experience *},
editor={Versteeg, R.; Grau, G.},
booktitle={Proceedings of 1990 EAEG Workshop, 52nd EAEG Meeting},
city={Copenhagen},
publisher={Eur. Assoc. Expl. Geophys.},
pages={1-194},
keywords={structural imaging; migration; case history},
notes={Eight comparisons of inversion techniques}}


@Booklet{fgdp,  title =    {Fundamentals of {G}eophysical {D}ata {P}rocessing},
  author =   {J. Claerbout},
  howpublished = {http://sepwww.stanford.edu/sep/prof/},  year =   1976
}

@article{GEO51-10-18931903,
author={Tarantola, A.},
year={1986},
title={A strategy for nonlinear elastic inversion of seismic reflection data},
journal={Geophysics},
volume={51},
number={10},
pages={1893-1903}}

@inproceedings{SEG-1998-1847,
author={Biondi, Biondo Leonardo and  Clapp, Robert G. and  Fomel, Sergey Borisovich and  Alkhalifah, Tariq A.},
year={1998},
title={Robust reflection tomography in the time domain},
meeting={68th Annual Internat. Mtg., Soc. Expl. Geophys.},
booktitle={Expanded Abstracts},
publisher={},
pages={1847-1850},
keywords={velocity estimation tomography depth migration time migration}}



@inproceedings{SEG-1998-1851,
author={Clapp, Robert G. and  Biondi, Biondo Leonardo and  Fomel, Sergey Borisovich and  Claerbout, Jon F.},
year={1998},
title={Regularizing velocity estimation using geologic dip information},
meeting={68th Annual Internat. Mtg., Soc. Expl. Geophys.},
booktitle={Expanded Abstracts},
publisher={},
pages={1851-1854},
keywords={seismic velocities tomography optimization integrated least squares}}


@inproceedings{SEG-1999-824,
author={Prucha, Marie L. and  Biondi, Biondo Leonardo and  Symes, William W},
year={1999},
title={Angle-domain common image gathers by wave-equation migration},
meeting={69th Annual Internat. Mtg., Soc. Expl. Geophys.},
booktitle={Expanded Abstracts},
publisher={},
pages={824-827}}

@article{GEO62-05-15331543,
author={Audebert, F. and  Nichols, D. and  Rekdal, T. and  Biondi, B. and  Lumley, D. E. and  Urdaneta, H.},
year={1997},
title={Imaging complex geologic structure with single-arrival Kirchhoff prestack depth migration},
journal={Geophysics},
volume={62},
number={05},
pages={1533-1543}}



@Book{menke,
  author =       {W[illiam] Menke},
  title =        {Geophysical Data Analysis: Discrete Inverse Theory},
  publisher =    {Academic Press, Inc.},
  year =         1989
}

@article{GEO56.04.4830495,
author={Stork, C. and  Clayton, R. W.},
year={1991},
title={An implementation of tomographic velocity analysis},
journal={Geophysics},
volume={56},
number={04},
pages={483-495}}

@article{GEO60-05-15501566,
author={Alkhalifah, Tariq and  Tsvankin, Ilya},
year={1995},
title={Velocity analysis for transversely isotropic media},
journal={Geophysics},
volume={60},
number={05},
pages={1550-1566}}


@article{GPR25.04.07380745,
  author={P.   Hubral },
  title={Time Migration - Some Ray Theoretical Aspects},
  year=1977,
  journal={Geophys. Prosp.},
  volume=25,
  number=4,
  pages={738-745}
  }

@article{TLE16-03-02530260,
author={Hirsche, K. and  Porter-Hirsche, J. and  Mewhort, L. and  Davis, R.},
year={1997},
title={The use and abuse of geostatistics},
journal={The Leading Edge},
volume={16},
number={03},
pages={253-260}}


@inproceedings{SEG-1996-0735,
author={Clark, Gregory A. and  Glinsky, Michael E. and  Devi, K. R. Sandhya and  Robinson, James H. and  Cheng, Peter K. Z. and  Ford, Gary E.},
year={1996},
title={Automatic event picking in pre-stack migrated gathers using a probabilistic neural network},
meeting={66th Annual Internat. Mtg., Soc. Expl. Geophys.},
booktitle={Expanded Abstracts},
publisher={},
pages={735-738},
keywords={neural networks, wavelets, seismic processing, seismic migration, prestack}}



@BOOK{opbook,
     author ={E[lijah] Polak},
     title = "Optimization: Algorithms and Consistent Approximations",
     publisher = "Springer-Verlag",
  address="New York",
     year = "1997"}


@inproceedings{SEG-1993-0986,
author={Ristow, D. and  Ruhl, T.},
year={1993},
title={Extended split-step migration by cascading phase shift and finite difference operators},
meeting={63rd Annual Internat. Mtg., Soc. Expl. Geophys.},
booktitle={Expanding Abstracts},
publisher={},
pages={986-989}}

@article{ambiguity,
author={Meng, Zhaobo and Bleistein, Norman},
year={submitted},
title={On Velocity/Depth Ambiguity in 3-D Migration Velocity},
journal={Geophysics}}

@article{struct,
author={Kaipio, J. P. and Kolehmainen, V and Vauhkonen, M and Somersalo, E},
year={1999},
title={Inverse problems with structural priorir information},
journal={Inverse Problems},
volume={15},
pages={713-729}}

@article{ harlan-pre,
author={Harlan, William S[]},
year={1995},
title={Regularization by Model Reparameterization},
 howpublished = {http://sepwww.stanford.edu/sep/prof/}
}


@Book{tikhonov,  author = {A[] N[] Tikhonov and V[] Y[] Arsenin},
  title  = {Solution of ill-posed problems},
  publisher =    {John Wiley and Sons},
  year =         1977
}


@incollection{illumination,
  author={D. R. Muerdter and  R. O. Lindsay and D. W. Ratcliff},
  title={Imaging under the edges of salt sheets: a raytracing study},
  year=1996,
  number=1,
  booktitle={66th Annual Internat. Mtg., Soc. Expl. Geophys., Expanded Abstracts},
  publisher={Soc. Expl. Geophys.},
  pages={578-580}
 }

@article{GEO63-02-05740588,
author={Biondi, B. and  Fomel, S. and  Chemingui, N.},
year={1998},
title={Azimuth moveout for 3-D prestack imaging},
journal={Geophysics},
volume={63},
number={02},
pages={574-588}}


@inproceedings{smart1,
author={ J[] A[] C[] Jacobs and F[lorence] Delprat-Jannaud and A[ndreas] Ehinger
 and P[atrick] Lailly},
year={1992},
title={Sequential migration-aided reflection tomography: A tool for imaging complex structures},
meeting={62nd Annual Internat. Mtg., Soc. Expl. Geophys.},
booktitle={Expanded Abstracts},
publisher={},
volume={92},
pages={1054-1057},
keywords={}}

@inproceedings{smart2,
author={ A[ndreas] Ehinger and P[atrick] Lailly},
year={1995},
title={Velocity model determination by the {SMART} method, Part 1: Theory},
meeting={65th Annual Internat. Mtg., Soc. Expl. Geophys.},
booktitle={Expanded Abstracts},
publisher={},
volume={95},
pages={739-742},
keywords={}}



@Book{geostat2,
  author =   {Deutsch, C. V. and A.G. Journel},
  title = {{GSLIB}: Geostatistical Software Library and User's Guide},
  publisher =    {Oxford University Press},
  year =   1992
}

