@Article{matteo,
  author = 	 {Matteo Niccoli},
  title = 	 {Geophysical tutorial: {How} to evaluate and compare color maps},
  journal = 	 {The Leading Edge},
  year = 	 2014,
  volume = 	 33,
  number = 	 8,
  note   =       {Available on the SEG wiki at \url{http://wiki.seg.org/wiki/How_to_evaluate_and_compare_color_maps}},
  pages = 	 {910-912}}

