@Book{chandra,
  author = 	 {Rohit Chandra and Ramesh Menon and Leo Dagum and David Kohr and Dror Maydan and Jeff McDonald},
  title = 	 {Parallel Programming in {OpenMP}},
  publisher = 	 {Morgan Kaufmann},
  year = 	 2000}

@Book{chapman,
  author = 	 {Barbara Chapman and Gabriele Jost and Ruud van~der~Pas},
  title = 	 {Using {OpenMP}: {Portable} Shared Memory Parallel Programming},
  publisher = 	 {The MIT Press},
  year = 	 2007}

@Book{gropp,
  author = 	 {William Gropp and Ewing Lusk and Anthony Skjellum},
  title = 	 {Using {MPI}: {Portable} Parallel Programming with the Message-Passing Interface},
  publisher = 	 {The MIT Press},
  year = 	 2014,
  edition = 	 {3rd}}

@Book{pacheco,
  author = 	 {Peter Pacheco},
  title = 	 {Parallel Programming with {MPI}},
  publisher = 	 {Morgan Kaufmann},
  year = 	 1996}

