@Article{fletcher,
  author = 	 {R[] Fletcher and C[] M[] Reeves},
  title = 	 {Function minimization by conjugate gradients},
  journal = 	 {Computer Journal},
  year = 	 1964,
  volume =	 7,
  pages =	 {149-154}
}

@Article{hestenes,
  author = 	 {M[] R[] Hestenes and E[] Stiefel},
  title = 	 {Methods of conjugate gradients for solving linear systems},
  journal = 	 {J. Res. NBS},
  year = 	 1952,
  volume =	 49,
  pages =	 {409-436}
}
