@Book{bash,
  author = 	 {C[ameron] Newham},
  title = 	 {Learning the bash Shell: {Unix} Shell Programming},
  publisher = 	 {O'Reilly Media},
  year = 	 2005,
  edition = 	 {3rd}}

@Book{tcsh,
  author = 	 {P[aul] DuBois},
  title = 	 {Using csh \& tcsh},
  publisher = 	 {O'Reilly \& Associates},
  year = 	 1995}

