@Article{khaidukov04,
author = {V. Khaidukov and E. Landa and T. J. Moser},
collaboration = {},
title = {Diffraction imaging by focusing-defocusing: An outlook on seismic superresolution},
publisher = {SEG},
year = {2004},
journal = {Geophysics},
volume = {69},
number = {6},
pages = {1478-1490},
keywords = {seismic waves; seismology; faulting; image processing; geophysical signal processing},
url = {http://link.aip.org/link/?GPY/69/1478/1},
doi = {10.1190/1.1836821}
}
@Book{klem-musatov94,
author = {K[] Klem-Musatov},
title = {Theory of Seismic Diffractions},
publisher = {Society of Exploration Geophysicists},
year = 1994,	
}
@Article{fomel07,
author = {Sergey Fomel and Evgeny Landa and M. Turhan Taner},
collaboration = {},
title = {Poststack velocity analysis by separation and imaging of seismic diffractions},
publisher = {SEG},
year = {2007},
journal = {Geophysics},
volume = {72},
number = {6},
pages = {U89-U94},
keywords = {geophysical signal processing; seismic waves; seismology},
url = {http://link.aip.org/link/?GPY/72/U89/1},
doi = {10.1190/1.2781533}
}
@Article{taner06,
author = {M. Turhan Taner and Sergey Fomel and Evgeny Landa},
collaboration = {},
title = {Separation and imaging of seismic diffractions using plane-wave decomposition},
publisher = {SEG},
year = {2006},
journal = {SEG Technical Program Expanded Abstracts},
volume = {25},
number = {1},
pages = {2401-2405},
url = {http://link.aip.org/link/?SGA/25/2401/1},
doi = {10.1190/1.2370017}
}
@Article{kozlov04,
author = {Evgenii Kozlov and Nikolai Barasky and Evgenii Korolev and Alexander Antonenko and Evgenii Koshchuk},
collaboration = {},
title = {Imaging scattering objects masked by specular reflections},
publisher = {SEG},
year = {2004},
journal = {SEG Technical Program Expanded Abstracts},
volume = {23},
number = {1},
pages = {1131-1134},
}
@Article{moser08,
author = {T[] J[] Moser and C[] B[] Howard},
title = {Diffraction imaging in depth},
year = {2008},
journal = {Geophysical Prospecting},
volume = {56},
number = {5},
pages = {627-641},
}
@Article{kanasewich88,
author = {Ernest R. Kanasewich and Suhas M. Phadke},
collaboration = {},
title = {Imaging discontinuities on seismic sections},
publisher = {SEG},
year = {1988},
journal = {Geophysics},
volume = {53},
number = {3},
pages = {334-345},
url = {http://link.aip.org/link/?GPY/53/334/1},
doi = {10.1190/1.1442467}
}
@Article{tsingas11,
author = {Constantine Tsingas and Bouchaib El Marhfoul and Sara Satti and Abdulfattah Dajani},
collaboration = {},
title = {Diffraction imaging as an interpretation tool},
publisher = {EAGE},
year = {2011},
journal = {First Break},
volume = {29},
number = {12},
pages = {57-61},
}
@Article{berkovitch09,
author = {Alex Berkovitch and Igor Belfer and Yehuda Hassin and Evgeny Landa},
title = {Diffraction imaging by multifocusing},
year = {2009},
journal = {Geophysics},
volume = {74},
pages = {WCA75},
}
@Book{claerbout92,
author = {J[] Claerbout},
title = {Earth soundings analysis: Processing versus inversion},
publisher = {Blackwell Scientific Publications, Inc.},
year = 1992,	
}
@Article{fomel02,
author = {Sergey Fomel},
collaboration = {},
title = {Applications of plane-wave destruction filters},
publisher = {SEG},
year = {2002},
journal = {Geophysics},
volume = {67},
number = {6},
pages = {1946-1960},
keywords = {seismology; seismic waves; filters; imaging; signal processing; finite difference methods; parameter estimation},
url = {http://link.aip.org/link/?GPY/67/1946/1},
doi = {10.1190/1.1527095}
}
@Article{landa08,
author = {Evgeny Landa and Sergey Fomel and Moshe Reshef},
collaboration = {},
title = {Separation, imaging, and velocity analysis of seismic diffractions using migrated dip-angle gathers},
publisher = {SEG},
year = {2008},
journal = {SEG Technical Program Expanded Abstracts},
volume = {27},
number = {1},
pages = {2176-2180},
keywords = {attributes; common angle; diffraction; faults; migration},
url = {http://link.aip.org/link/?SGA/27/2176/1},
doi = {10.1190/1.3059318}
}
@Article{chen04,
author = {Jing Chen},
collaboration = {},
title = {Specular ray parameter extraction and stationary-phase migration},
publisher = {SEG},
year = {2004},
journal = {Geophysics},
volume = {69},
number = {1},
pages = {249-256}
}
@Article{tygel93,
author = {M[] Tygel and J[] Schleicher and P[] Hubral and C[] Hanitzsch},
title = {Multiple weights in diffraction stack migration},
publisher = {SEG},
year = {1993},
journal = {Geophysics},
volume = {59},
pages = {1820-1830}
}
@Article{marfurt98,
author = {K[] J[] Marfurt and R[] L[] Kirlin and S[] L[] Farmer and M[] S[] Bahorich},
title = {3-{D} seismic attributes using a semblance-based coherency algorithm},
publisher = {SEG},
year = {1998},
journal = {Geophysics},
volume = {63},
pages = {1150-1165}
}
@Article{marfurt06,
author = {K[] J[] Marfurt},
title = {Robust estimates of 3{D} reflector dip and azimuth},
publisher = {SEG},
year = {2006},
journal = {Geophysics},
volume = {71},
pages = {P29-P40}
}
@Article{sturzu15,
author = {Ioan Sturzu and Alexander Mihai Popovici and Tijmen Jan Moser and Sudha Sudhakar},
title = {Diffraction imaging in fractured carbonates and unconventional shales},
year = {2015},
journal = {Interpretation},
volume = {3},
number = {1},
pages = {SF69–SF79}
}
@Article{sturzu13,
author = {Ioan Sturzu and Alexander Mihai Popovici and N. Tanushev and I. Musat
and M.A. Pelissier and T.J. Moser},
title = {Specularity Gathers for Diffraction Imaging},
year = {2013},
journal = {EAGE Technical Program Expanded Abstracts},
volume = {75}
}
@Article{reshef09,
author = {Moshe Reshef and Evgeny Landa},
collaboration = {},
title = {Post-stack velocity analysis in the dip-angle domain using diffractions},
publisher = {SEG},
year = {2009},
journal = {Geophysical Prospecting},
volume = {57},
number = {5},
pages = {811-821}
}
@Article{klokov12,
author = {Alexander Klokov and Sergey Fomel},
collaboration = {},
title = {Separation and imaging of seismic diffractions using migrated dip-angle gathers},
publisher = {SEG},
year = {2012},
journal = {Geophysics},
volume = {77},
number = {6},
pages = {S131-S143}
}
@Article{trad01,
author = {D[] Trad and M[] Sacchi and T[] Ulrych},
title = {A hybrid linear-hyperbolic Radon transform},
journal = {Journal of Seismic Exploration},
year = 2001,
volume = 9,
pages = {303-318}
}
@Article{klokov10b,
author = {Alexander Klokov and Reda Baina and Evgeny Landa and Pierre Thore and Issam Tarrass},
collaboration = {},
title = {Diffraction imaging for fracture detection: synthetic case study},
publisher = {SEG},
year = {2010},
journal = {SEG Technical Program Expanded Abstracts},
volume = {29},
number = {1},
pages = {3354-3358},
keywords = {diffraction; fractures; imaging; migration; Radon},
url = {http://link.aip.org/link/?SGA/29/3354/1},
doi = {10.1190/1.3513545}
}
@Article{klokov15,
author = {Alexander Klokov and Damir Irkabaev and Osareni C. Ogiesoba and Nail Munasypov},
collaboration = {},
title = {Correlation between seismic diffractions extracted from vertical seismic profiling data and borehole logging in a carbonate environment},
year = {2015},
journal = {Interpretation},
volume = {3},
number = {2},
pages = {T121–T129},
}
@Article{decker13,
author = {Luke Decker and Alexander Klokov and Sergey Fomel},
collaboration = {},
title = {Comparison of seismic diffraction imaging techniques: plane wave destruction versus apex destruction},
publisher = {SEG},
year = {2013},
journal = {SEG Technical Program Expanded Abstracts},
pages = {4054-4059},
}
@BOOK{landabook,
AUTHOR  =        {E[] Landa},
TITLE  =         {Beyond {C}onventional {S}eismic {I}maging},
PUBLISHER  =     {EAGE},
YEAR   =         {2009}
}
@article{jedlicka89,
author = {[J] Jedlicka},
collaboration = {},
title = {Stochastic normal moveout correction},
year = {1989},
journal = {Stanford {E}xploration {P}roject},
volume = {60},
pages = {165–178},
}

@ARTICLE{botelho10,
        AUTHOR = {L[] C[] L[] Botelho},
        TITLE = {A {F}eynman path integral representation for elastic wave scattering by anisotropic weakly perturbations},
        JOURNAL = {International Journal of Theoretical Physics},
        VOLUME = {49},
        PAGES = {1396-1404},
        YEAR = {2010}
}

@ARTICLE{lomax99,
        AUTHOR = {A[] Lomax},
        TITLE = {Path-summation waveforms},
        JOURNAL = {Geophysical Journal International},
        VOLUME = {138},
        PAGES = {702-716},
        YEAR = {1999}
}

@ARTICLE{landa06,
        AUTHOR = {E[] Landa and S[] Fomel and T[] J[] Moser},
        TITLE = {Path-integral seismic imaging},
        JOURNAL = {Geophysical Prospecting},
        PAGES = {491-503},
        VOLUME = {54},
        YEAR = {2006}
}
@BOOK{feynman65,
 	AUTHOR  =	 {R[] Feynman and A[] Hibbs},
 	TITLE  = 	 {Quantum {M}echanics and {P}ath {I}ntegrals},
	PUBLISHER  = 	 {McGraw-Hill},
 	YEAR   = 	 {1965}
}
@ARTICLE{lomax99,
        AUTHOR = {A[] Lomax},
        TITLE = {Path-summation waveforms},
        JOURNAL = {Geophysical Journal International},
        VOLUME = {138},
        PAGES = {702-716},
        YEAR = {1999}
}
@ARTICLE{schlottmann99,
        AUTHOR = {R[] B[] Schlottmann},
        TITLE = {A path integral formulation of acoustic wave propagation},
        JOURNAL = {Geophysical Journal International},
        VOLUME = {137},
        PAGES = {353-363},
        YEAR = {1999}
}
@article{harlan84,
author = {William S. Harlan and Jon F. Claerbout and Fabio Rocca},
collaboration = {},
title = {Signal/noise separation and velocity estimation},
publisher = {SEG},
year = {1984},
journal = {Geophysics},
volume = {49},
number = {11},
pages = {1869-1880},
url = {http://link.aip.org/link/?GPY/49/1869/1},
doi = {10.1190/1.1441600}
}
@article{landa05,
author = {E[] Landa and M[] Reshef and V[] Khaidukov},
collaboration = {},
title = {Imaging without a velocity model by path-summation approach: this time in depth},
publisher = {EAGE},
year = {2005},
journal = {Expanded Abstracts 67$^{th}$ EAGE International Conference},
pages = {P011-P015}
}
@ARTICLE{novais06,
        AUTHOR = {A[] Novais and J[] Costa and J[] Schleicher},
        TITLE = {Velocity determination by image-wave remigration},
        JOURNAL = {Expanded Abstracts 68$^{th}$ EAGE International Conference},
        PAGES = {P157-1-4},
        YEAR = {2006}
}

@ARTICLE{shtivelman09,
        AUTHOR = {Vladimir Shtivelman and Shemer Keydar and Michael Mikenberg},
        TITLE = {Imaging near-surface inhomogeneities using weighted multipath summation},
        JOURNAL = {Near Surface Geophysics},
        PAGES = {171-177},
        YEAR = {2009}
}
@ARTICLE{keydar09,
        AUTHOR = {S[] Keydar and V[] Shtivelman and P[] Trachtman and M[] Ezersky},
        TITLE = {3{D} {P}{S}{T}{M} using weighted multipath summation for imaging shallow subsurface},
        JOURNAL = {15$^{th}$ European Meeting of Environmental and Engineering Geophysics},
        PAGES = {P36-P41},
        YEAR = {2009}
}
@ARTICLE{mihai15,
        AUTHOR = {A[] M[] Popovici and I[] Sturzu and T[] J[] Moser},
        TITLE = {High resolution diffraction imaging of small scale fractures in shale and carbonate reservoirs},
        JOURNAL = {14$^{th}$ International Congress of the Brazilian Geophysical Society},
        YEAR = {2015},
        PUBLISHER = {Sociedade Brasileira de Geofisica},
}
@ARTICLE{papziner98,
        AUTHOR = {U[] Papziner and Klaus-Peter Nick},
        TITLE = {Automatic detection of hyperbolas in georadargrams by slant-stack processing and migration},
        JOURNAL = {First Break},
        PAGES = {219-223},
        YEAR = {1998},
        VOLUME = {16},
        NUMBER = {6},
}
@ARTICLE{landa98,
        AUTHOR = {E[] Landa and S[] Keydar},
        TITLE = {Seismic monitoring of diffraction images for detection of local heterogeneities},
        JOURNAL = {Geophysics},
        PAGES = {1093-1100},
        YEAR = {1998},
        VOLUME = {63},
        NUMBER = {3},
}
@ARTICLE{berkovitch08,
        AUTHOR = {A[] Berkovitch and I[] Belfer and E[] Landa},
        TITLE = {Multifocusing as a method of improving subsurface imaging},
        JOURNAL = {The Leading Edge},
        PAGES = {250-256},
        YEAR = {2008},
        VOLUME = {63}
}
@ARTICLE{gelchinsky99,
        AUTHOR = {Boris Gelchinsky and Alexander Berkovitch and Shmariahu Keydar},
        TITLE = {Multifocusing homeomorphic imaging Part 1. Basic concepts and formulas},
        JOURNAL = {Journal of Applied Geophysics},
        PAGES = {229–242},
        YEAR = {1999},
        VOLUME = {42}
}
@ARTICLE{landa99,
        AUTHOR = {Evgeny Landa and Boris Gurevich and Shemer Keydar and Pinchas Trachtman},
        TITLE = {Application of multifocusing method for subsurface imaging},
        JOURNAL = {Journal of Applied Geophysics},
        PAGES = {283–300},
        YEAR = {1999},
        VOLUME = {42}
}
@ARTICLE{rauch-davies14,
        AUTHOR = {Marianne Rauch-Davies and Kostya Deev and Danil Pelman and Maria Kachkachev-Shuifer},
        TITLE = {Diffraction imaging applied to pre-existing 3{D} seismic data to map fracture corridors in an unconventional play},
        JOURNAL = {First Break},
        PAGES = {87-90},
        YEAR = {2014},
        VOLUME = {32}
}
@Article{jager01,
author = {R[] Jager and J[] Mann and G[] Höcht and P[] Hubral},
collaboration = {},
title = {Common-reflection-surface stack: Image and attributes},
publisher = {SEG},
year = {2001},
journal = {Geophysics},
volume = {66},
pages = {97–109},
doi = {10.1190/1.1444927}
}
@article{dell11,
author = {Sergius Dell and Dirk Gajewski},
collaboration = {},
title = {Common-reflection-surface-based workflow for diffraction imaging},
publisher = {SEG},
year = {2011},
journal = {Geophysics},
volume = {76},
number = {5},
pages = {S187-S195},
keywords = {diffraction; velocity analysis; poststack; imaging},
}
@article{baykulov11,
author = {Mikhail Baykulov and Stefan Dummong and Dirk Gajewski},
collaboration = {},
title = {From time to depth with {C}{R}{S} attributes},
publisher = {SEG},
year = {2011},
journal = {Geophysics},
volume = {76},
number = {4},
pages = {S151-S155},
doi = {10.1190/1.3580607}
}
@article{bauer15,
author = {A[] Bauer and B[] Schwarz and D[] Gajewski},
collaboration = {},
title = {Zero-offset Based Prediction of Common-offset Diffraction Traveltimes},
publisher = {EAGE},
year = {2015},
journal = {77th EAGE Conference and Exhibition}
}
@article{landa15,
author = {Ilya Silvestrov and Reda Baina and Evgeny Landa},
collaboration = {},
title = {Poststack diffraction imaging using reverse-time migration},
publisher = {EAGE},
year = {2015},
journal = {Geophysical Prospecting},
doi = {10.1111/1365-2478.12280}
}
@article{music,
author = {L[] Gelius and M[] Tygel and A[] K[] Takahata and E[] G[] Asgedom and D[] R[] Serrano},
collaboration = {},
title = {High-resolution imaging of diffractions — A window-steered MUSIC approach},
publisher = {SEG},
year = {2013},
journal = {Geophysics},
volume = {78},
number = {6},
pages = {S255-S264},
}
@article{maciel15,
author = {[S] Maciel and R[] Biloti},
collaboration = {},
title = {Detection of Diffractions on GPR data using support vector classifiers},
publisher = {EAGE},
year = {2015},
journal = {77th EAGE Conference and Exhibition},
}
@article{bona15,
author = {A[] Bona and R[] Pevzner},
collaboration = {},
title = {Using Fresnel Zone to Characterise and Image Different Types of Diffractors in Low S/N
Situations},
publisher = {EAGE},
year = {2015},
journal = {77th EAGE Conference and Exhibition},
}
@article{decker14a,
author = {L[] Decker and A[] Klokov},
collaboration = {},
title = {Diffraction extraction by plane-wave destruction of partial images},
publisher = {SEG},
year = {2014},
journal = {SEG Technical Program Expanded Abstracts},
volume = {84},
pages = {3862-3867},
}
@article{willis06,
author = {M[] E[] Willis and D[] R[] Burns and R[] Rao and B[] Minsley and
M[] N[] Toksoz and L[] Verti},
collaboration = {},
title = {Spatial orientation and distribution of reservoir fractures from scattered 
seismic energy},
publisher = {SEG},
year = {2006},
journal = {Geophysics},
volume = {71},
number = {5},
pages = {O43-O51},
}
@article{glogovsky08,
author = {V[] Glogovsky and E[] Landa and S[] Langman and T[] J[] Moser},
collaboration = {},
title = {How correct is a velocity model?},
publisher = {SEG},
year = {2008},
journal = {SEG Technical Program Expanded Abstracts},
volume = {78},
pages = {3572–3576},
doi = {10.1190/1.3064069}
}
@article{weglein00,
author = {A[] Weglein and K[] Matson and D[] Foster and P[] Carvalho and D[] Corrigan and S[] Shaw},
collaboration = {},
title = {Imaging and inversion at depth without a velocity model: theory, concepts
and initial evaluation},
publisher = {SEG},
year = {2000},
journal = {SEG Technical Program Expanded Abstracts},
volume = {70},
pages = {1016-1019},
}
@article{weglein12a,
author = {A[] Weglein and F[] Lui and X[] Li and P[] Terenghi and E[] Kragh and J[] Mayhan and Z[] Wang and J[] Mispel and L[] Amundsen and H[] Liang and L[] Tang and S[] Hsu},
collaboration = {},
title = {Inverse scattering series direct depth imaging without the velocity model: first field direct data examples},
year = {2012},
journal = {Journal of Seismic Exploration},
volume = {21},
pages = {1-28},
}
@article{weglein12b,
author = {A[] Weglein and F[] Lui and X[] Li and P[] Terenghi and E[] Kragh and J[] Mayhan and Z[] Wang and J[] Mispel and L[] Amundsen and H[] Liang and L[] Tang and S[] Hsu},
collaboration = {},
title = {First field data examples of inverse scattering series direct depth imaging without the velocity model},
year = {2012},
journal = {SEG Technical Program Expanded Abstracts},
volume = {82},
}
@article{klokov15a,
author = {A[] Klokov and D[] Irkabaev and T[] Sharova and N[] Munasypov},
collaboration = {},
title = {Reef delineation by offset vertical seismic profiling and seismic diffractions},
year = {2015},
journal = {Journal of Seismic Exploration},
volume = {24},
pages = {135-150},
}
@Book{nolet08,
author = {G[] Nolet},
title = {A Breviary of Seismic Tomography Imaging the Interior of the Earth and Sun},
publisher = {Cambridge University Press},
year = 2008,	
}
@article{landa15a,
author = {E[] Landa},
collaboration = {},
title = {Diffraction Imaging - A Tool for Detection Small Scale Subsurface Heterogeneities},
publisher = {EAGE},
year = {2015},
journal = {77th EAGE Conference and Exhibition}
}
@Article{alonaizi13,
author = {F[] Alonaizi and R[] Pevzner and A[] Bona and V[] Shulakova and B[] Gurevich},
title = {3{D} diffraction imaging of linear features and its application to seismic monitoring},
year = {2013},
journal = {Geophysical Prospecting},
volume = {61},
pages = {1206–1217},
}
@Article{aniskovich10a,
author = {E[] M[] Aniskovich},
title = {About certain problems of Multifocusing and Common Reflection Surface methods. Part 1. Framework and mathematical formalism},
year = {2010},
journal = {Seismic Survey Technologies},
number = {2},
pages = {23-37},
}
%О некоторых проблемах методов мультифокусинга и общей отражающей поверхности. Часть 1. Идеология и математический формализм
@Article{aniskovich10b,
author = {E[] M[] Aniskovich},
title = {About certain problems of Multifocusing and Common Reflection Surface methods. Part 2. Stacking and velocitites},
year = {2010},
journal = {Seismic Survey Technologies},
number = {3},
pages = {8-24},
}
%О некоторых проблемах методов мультифокусинга и общей отражающей поверхности. Часть 2. Накапливание и скорости
@article{glogovsky09,
author = {V[] Glogovsky and E[] Landa and S[] Langman and T[] J[] Moser},
collaboration = {},
title = {Validating the velocity model: the Hamburg Score},
publisher = {EAGE},
year = {2009},
journal = {First Break},
volume = {27},
pages = {77-85}
}
@ARTICLE{fomel14,
        AUTHOR = {S[] Fomel and E[] Landa},
        TITLE = {Structural uncertainty of time-migrated seismic images},
        JOURNAL = {Journal of Applied Geophysics},
        PAGES = {27-30},
        YEAR = {2014},
        VOLUME = {101}
}
@ARTICLE{fomel_2003a,
        AUTHOR = {S[] Fomel},
        TITLE = {Velocity continuation and the anatomy of residual prestack time migration},
        JOURNAL = {Geophysics},
        VOLUME = {68},
        PAGES = {1650-1661},
        YEAR = {2003}
}
@article{fomel_2003b,
        AUTHOR = {S[] Fomel},
        TITLE = {Time-migration velocity analysis by velocity continuation},
        JOURNAL = {Geophysics},
        VOLUME = {68},
        PAGES = {1662-1672},
        YEAR = {2003}
}

@Article{grasmueck15,
author = {M[] Grasmueck and T[] J[] Moser and M[] A[] Pelissier and J[] Pajchel and K[] Pomar},
title = {Diffraction signatures of fracture intersections},
year = {2015},
journal = {Interpretation},
volume = {3},
number = {1},
pages = {SF55–SF68}
}
@ARTICLE{bahorich95,
        AUTHOR = {M[] S[] Bahorich and S[] L[] Farmer},
        TITLE = {3{D} seismic discontinuity for faults and stratigraphic features: The coherence cube},
        JOURNAL = {The Leading Edge},
        PAGES = {1053-1058},
        YEAR = {1995},
        VOLUME = {14}
}
@ARTICLE{berryhill77,
        AUTHOR = {J[] R[] Berryhill},
        TITLE = {Diffraction response for nonzero separation of source and receiver},
        JOURNAL = {Geophysics},
        VOLUME = {42},
        PAGES = {1158-1176},
        YEAR = {1977}
}
@article{sun97,
 	AUTHOR  =	 {Y[] Sun},
 	TITLE  = 	 {Multiple supression using prediction-error filter},
	JOURNAL  = 	 {SEP-94: Stanford Exploration Project},
    PAGES =       {205-212},
 	YEAR   = 	 {1997},
}
@ARTICLE{Nemeth99,
        AUTHOR = {T[] Nemeth and C[] Wu and G[] T[] Schuster},
        TITLE = {Least-squares migration of incomplete reflection data},
        JOURNAL = {Geophysics},
        VOLUME = {64},
        PAGES = {208-221},
        NUMBER = {1},
        YEAR = {1999}
}
@ARTICLE{engelder09,
        AUTHOR = {[T] Engelder and [G] Lash and [R] Uzcategui},
        TITLE = {Joint sets that enhance production from Middle and Upper Devonian gas shales of the Appalachian Basin},
        JOURNAL = {AAPG Bulletin},
        VOLUME = {93},
        PAGES = {857-889},
        YEAR = {2009}
}
@ARTICLE{engelder15,
        AUTHOR = {[T] [L] Inks and [T] Engelder and [E] Jenner and [B] Golob and [J] [S] Hocum and [D] [G] O’Brien},
        TITLE = {Marcellus fracture characterization using P-wave azimuthal velocity attributes: Comparison with production and outcrop data},
        JOURNAL = {Interpretation},
        VOLUME = {3},
        NUMBER = {1},
        PAGES = {SU1-SU15},
        YEAR = {2015}
}
@ARTICLE{curtis02,
        AUTHOR = {[J] [B] Curtis},
        TITLE = {Fractured shale-gas systems},
        JOURNAL = {AAPG bulletin},
        VOLUME = {86},
        NUMBER = {11},
        PAGES = {1921-1938},
        YEAR = {2002}
}
@article{schoepp15,
  title={Multifocusing 3{D} diffraction imaging for detection of fractured zones in mudstone reservoirs: Case history},
  author={Schoepp, Alana and Labont{\'e}, Stephane and Landa, Evgeny},
  journal={Interpretation},
  volume={3},
  number={1},
  pages={SF31--SF42},
  year={2015},
  publisher={Society of Exploration Geophysicists and American Association of Petroleum Geologists}
}
@ARTICLE{warpinski09,
        AUTHOR = {[N] [R] Warpinski and [M] [J] Mayerhofer and [M] [C] Vincent and [C] [L] Cipolla and [E] [P] Lolon},
        TITLE = {Stimulating unconventional reservoirs: maximizing network growth while optimizing fracture conductivity},
        JOURNAL = {Journal of Canadian Petroleum Technology},
        VOLUME = {48},
        NUMBER = {10},
        PAGES = {39-51},
        YEAR = {2009}
}
@BOOK{maxwell14,
AUTHOR  =        {[S] Maxwell},
TITLE  =         {Microseismic {I}maging of {H}ydraulic {F}racturing},
PUBLISHER  =     {SEG},
YEAR   =         {2014}
}
@article{burnett15,
  title={Seismic diffraction interpretation at Piceance Creek},
  author={Burnett, William A and Klokov, Alexander and Fomel, Sergey and Bansal, Rishidev and Liu, Enru and Jenkinson, Tim},
  journal={Interpretation},
  volume={3},
  number={1},
  pages={SF1--SF14},
  year={2015},
  publisher={Society of Exploration Geophysicists and American Association of Petroleum Geologists}
}
@article{rad14,
  title={Common reflection surface ({C}{R}{S}) based pre-stack diffraction separation},
  author={Rad, Parsa Bakhtiari and Schwarz, Benjamin and Vanelle, Claudia and Gajewski, Dirk},
  booktitle={SEG Technical Program Expanded Abstracts 2014},
  pages={4208--4212},
  year={2014},
  publisher={Society of Exploration Geophysicists}
}
@article{fomelkaz13,
  title={Non-hyperbolic common reflection surface},
  author={Fomel, Sergey and Kazinnik, Roman},
  journal={Geophysical Prospecting},
  volume={61},
  number={1},
  pages={21--27},
  year={2013},
  publisher={Wiley Online Library}
}
@article{sava05,
  title={Wave-equation migration velocity analysis by focusing diffractions and reflections},
  author={Sava, Paul C and Biondi, Biondo and Etgen, John},
  journal={Geophysics},
  volume={70},
  number={3},
  pages={U19--U27},
  year={2005},
  publisher={Society of Exploration Geophysicists}
}
@book{dubrule03,
  title={Geostatistics for seismic data integration in Earth models: 2003 Distinguished Instructor Short Course},
  author={Dubrule, Olivier},
  number={6},
  year={2003},
  publisher={SEG Books}
}
@article{haas94,
  title={Geostatical inversion-a sequential method of stochastic reservoir modelling constrined by seismic data},
  author={Haas, Andrae and Dubrule, Olivier},
  journal={First break},
  volume={12},
  number={11},
  year={1994}
}
@mastersthesis{bortoli92,
  title={Constraining reservoir models with seismic information},
  author={Bortoli, Louis-Jerome},
  year={1992},
  school={to the Department of Applied Earth Sciences.Stanford University}
}
@article{francis06,
  title={Understanding stochastic inversion: part 1},
  author={Francis, AM},
  journal={First Break},
  volume={24},
  number={11},
  year={2006}
}
@book{tarantola05,
  title={Inverse problem theory and methods for model parameter estimation},
  author={Tarantola, Albert},
  year={2005},
  publisher={siam}
}
@article{huang15,
  title={Tomographic resolution limits for diffraction imaging},
  author={Huang, Yunsong and Zhang, Dongliang and Schuster, Gerard T},
  journal={Interpretation},
  volume={3},
  number={1},
  pages={SF15--SF20},
  year={2015},
  publisher={Society of Exploration Geophysicists and American Association of Petroleum Geologists}
}
@article{huang14,
  title={Resolution limits for wave equation imaging},
  author={Huang, Yunsong and Schuster, Gerard T},
  journal={Journal of Applied Geophysics},
  volume={107},
  pages={137--148},
  year={2014},
  publisher={Elsevier}
}
@article{schuster14,
  title={Far-field superresolution by imaging of resonance scattering},
  author={Schuster, Gerard T and Huang, Yunsong},
  journal={Geophysical Journal International},
  year={2014},
  publisher={Oxford University Press (OUP)}
}
@article{sheriff91,
  title={Encyclopaedic dictionary of exploration geophysics: {S}{E}{G} Geophysical References Series 1},
  author={Sheriff, RE},
  journal={Tulsa, USA},
  pages={384},
  year={1991}
}
@book{berkhout84,
  title={Seismic resolution: a quantitative analysis of resolving power of acoustical echo techniques},
  author={Berkhout, A.J.},
  isbn={9780946631124},
  lccn={84229485},
  series={Handbook of Geophysical Exploration Series},
  url={https://books.google.com/books?id=EFnxAAAAMAAJ},
  year={1984},
  publisher={Geophysical Press}
}
@article{fomel2007shaping,
  title={Shaping regularization in geophysical-estimation problems},
  author={Fomel, Sergey},
  journal={Geophysics},
  volume={72},
  number={2},
  pages={R29--R36},
  year={2007},
  publisher={Society of Exploration Geophysicists}
}
@article{merzlikin15,
title = {An efficient workflow for path-integral imaging of seismic diffractions},
author = {Dmitrii Merzlikin and Sergey Fomel},
journal = {SEG Technical Program Expanded Abstracts},
year = {2015},
pages = {4096-4100},
}
@article{novais2008gpr,
  title={{G}{P}{R} velocity determination by image-wave remigration},
  author={Novais, Am{\'e}lia and Costa, Jess{\'e} and Schleicher, J{\"o}rg},
  journal={Journal of Applied Geophysics},
  volume={65},
  number={2},
  pages={65--72},
  year={2008},
  publisher={Elsevier}
}
@article{schleicher2004migration,
  title={Migration velocity analysis by depth image-wave remigration: first results},
  author={Schleicher, J{\"o}rg and Novais, Am{\'e}lia and Munerato, Fernando P},
  journal={Geophysical Prospecting},
  volume={52},
  number={6},
  pages={559--573},
  year={2004},
  publisher={Wiley Online Library}
}
@article{klokov2013selecting,
  title={Selecting an optimal aperture in {K}irchhoff migration using dip-angle images},
  author={Klokov, Alexander and Fomel, Sergey},
  journal={Geophysics},
  volume={78},
  number={6},
  pages={S243--S254},
  year={2013},
  publisher={Society of Exploration Geophysicists}
}
@article{chen1999resolution,
  title={Resolution limits of migrated images},
  author={Chen, Jing and Schuster, Gerard T},
  journal={Geophysics},
  volume={64},
  number={4},
  pages={1046--1053},
  year={1999},
  publisher={Society of Exploration Geophysicists}
}
@article{ruger1998variation,
  title={Variation of P-wave reflectivity with offset and azimuth in anisotropic media},
  author={R{\"u}ger, Andreas},
  journal={Geophysics},
  volume={63},
  number={3},
  pages={935--947},
  year={1998},
  publisher={Society of Exploration Geophysicists}
}
@article{bakulin2000estimation,
  title={Estimation of fracture parameters from reflection seismic data-Part I: HTI model due to a single fracture set},
  author={Bakulin, Andrey and Grechka, Vladimir and Tsvankin, Ilya},
  journal={Geophysics},
  volume={65},
  number={6},
  pages={1788--1802},
  year={2000},
  publisher={Society of Exploration Geophysicists}
}
@article{grechka19983,
  title={3-D description of normal moveout in anisotropic inhomogeneous media},
  author={Grechka, Vladimir and Tsvankin, Ilya},
  journal={Geophysics},
  volume={63},
  number={3},
  pages={1079--1092},
  year={1998},
  publisher={Society of Exploration Geophysicists}
}
@article{holditch2006tight,
  title={Tight gas sands},
  author={Holditch, Stephen A and others},
  journal={Journal of Petroleum Technology},
  volume={58},
  number={06},
  pages={86--93},
  year={2006},
  publisher={Society of Petroleum Engineers}
}
@inproceedings{baihly2010unlocking,
  title={Unlocking the shale mystery: How lateral measurements and well placement impact completions and resultant production},
  author={Baihly, Jason David and Malpani, Raj and Edwards, Chris and Yen Han, Shim and Kok, Jeffrey Chee Leong and Tollefsen, Edward M and Wheeler, Charles Winston and others},
  booktitle={Tight Gas Completions Conference},
  year={2010},
  organization={Society of Petroleum Engineers}
}
@article{koren2011full,
  title={Full-azimuth subsurface angle domain wavefield decomposition and imaging {P}art {I}: Directional and reflection image gathers},
  author={Koren, Zvi and Ravve, Igor},
  journal={Geophysics},
  volume={76},
  number={1},
  pages={S1--S13},
  year={2011},
  publisher={Society of Exploration Geophysicists}
}
@article{ronen2000least,
  title={Least-squares DMO and migration},
  author={Ronen, Shuki and Liner, Christopher L},
  journal={Geophysics},
  volume={65},
  number={5},
  pages={1364--1371},
  year={2000},
  publisher={Society of Exploration Geophysicists}
}
