@article{Fomel_09,

        AUTHOR = {[S] Fomel},
        TITLE = {Adaptive multiple subtraction using regularized nonstationary regression},
        JOURNAL = {Geophysics},
        VOLUME = {24},
        PAGES = {V25-V33},
        YEAR = {2009}
}
@article{Fomel_09_pick,

        AUTHOR = {[S] Fomel},
        TITLE = {Velocity analysis using {AB} semblance},
        JOURNAL = {Geophysical Prospecting},
        VOLUME = {57},
        PAGES = {311-321},
        YEAR = {2009}
}
@article{Fomel_03_VC,

        AUTHOR = {[S] Fomel},
        TITLE = {Velocity continuation and the anatomy of residual prestack time migration},
        JOURNAL = {Geophysics},
        VOLUME = {68},
        PAGES = {1650-1661},
        YEAR = {2003}
}
@article{novais_etal1,
        AUTHOR = {[A] Novais and [J] Costa and [J] Schleicher},
        TITLE = {Velocity determination by image Å¼ wave remigration},
        JOURNAL = {68th Annual International Conference and Exhibition EAGE Extended Abstracts},
        PAGES = {P157},
        YEAR = {2006}
}
@ARTICLE{fomel94,

        AUTHOR = {S[] Fomel},

        TITLE = {Method of velocity continuation in the problem of temporal seismic migration},

        JOURNAL = {Russian Geology and Geophysics},

        VOLUME = {35},

        PAGES = {100-111},

        YEAR = {1994}

}
@article{claerbout86,

 	AUTHOR  =	 {J[] F[] Claerbout},

 	TITLE  = 	 {Velocity extrapolation by cascaded 15 degree migration},

	JOURNAL  = 	 {SEP-48: Stanford Exploration Project},
        PAGES =          {79-84},

 	YEAR   = 	 {1986},

}
@article{Burnett_aniso,



	AUTHOR = {W[] Burnett and S[] Fomel},

	TITLE = {Azimuthally anisotropic 3{D} velocity continuation},

	JOURNAL = {International Journal of Geophysics, Article ID 484653},
        YEAR = {2011}

}
@article{Burnett11,



	AUTHOR = {W[] Burnett and S[] Fomel and R[] Bansal},

	TITLE = {Diffraction velocity analysis by path-integral seismic imaging},

	JOURNAL = {SEG Technical Program Expanded Abstracts},
        PAGES = {3898-3902},

	YEAR = {2011}

}
@article{Fomel_03_VC_,

        AUTHOR = {[S] Fomel},
        TITLE = {Time-migration velocity analysis by velocity continuation},
        JOURNAL = {Geophysics},
        VOLUME = {68},
        PAGES = {1662-1672},
        YEAR = {2003}
}
@ARTICLE{landa04,

        AUTHOR = {E[] Landa},

        TITLE = {Imaging without a velocity model using path-summation approach},

        JOURNAL = {Expanded Abstracts 74$^{th}$ SEG International Convention},

        PAGES = {1016-1019},

        YEAR = {2004}

}
@ARTICLE{keydar04,

        AUTHOR = {S[] Keydar},

        TITLE = {Homeomorphic imaging using path integrals},

        JOURNAL = {Expanded Abstracts 66$^{th}$ EAGE International Conference},

        PAGES = {P078},

        YEAR = {2004}

}
@ARTICLE{landa_etal06,

        AUTHOR = {E[] Landa and S[] Fomel and T[] J[] Moser},

        TITLE = {Path-integral seismic imaging},

        JOURNAL = {Geophysical Prospecting},

        PAGES = {491-503},

        VOLUME = {54},

        YEAR = {2006}

}
@ARTICLE{fomel_landa_taner07,

        AUTHOR = {S[] Fomel and E[] Landa and T[] Taner},

        TITLE = {Poststack velocity analysis by separation and imaging of seismic diffractions},

        JOURNAL = {Geophysics},

        VOLUME = {72},

        PAGES = {U89-U94},

        YEAR = {2007}

}
@article{Fomel_02,

        AUTHOR = {[S] Fomel},
        TITLE = {Applications of plane-wave destruction filters},
        JOURNAL = {Geophysics},
        VOLUME = {67},
        PAGES = {1946-1960},
        YEAR = {2002}
}
@ARTICLE{schleicher_costa09,
        AUTHOR = {J[] Schleicher and J[] C[] Costa},
        TITLE = {Migration velocity analysis by double path-integral migration},
        JOURNAL = {Geophysics},
        PAGES = {WCA225-WCA231},
        YEAR = {2009}
}
@ARTICLE{larner,
        AUTHOR = {[K] Larner and [C] Beasley},
        TITLE = {Cascaded migrations - Improving the accuracy of finite-difference migration},
        JOURNAL = {Geophysics},
        VOLUME = {52},
        PAGES = {618-643},
        YEAR = {1987}
}
@BOOK{claerbout05,

 	AUTHOR  =	 {J[] F[] Claerbout},

 	TITLE  = 	 {Basic earth imaging},

	PUBLISHER  = 	 {Stanford Exploration Project, accessed August 10, 2007, http://sepwww.stanford.edu/sep/prof},

 	YEAR   = 	 {2005}

}
@ARTICLE{decker,
        AUTHOR = {L[] Decker and S[] Fomel},
        TITLE = {Diffraction imaging and velocity analysis using oriented velocity continuation},
        JOURNAL = {SEG Technical Program Expanded Abstracts},
        PAGES = {4810-4815},
        YEAR = {2014}
}
@ARTICLE{mikulich,
        AUTHOR = {W[] Mikulich and D[] Hale},
        TITLE = {Steep-dip v(z) imaging from an ensemble of Stolt-like migrations},
        JOURNAL = {Geophysics},
        VOLUME = {57},
        PAGES = {51-59},
        YEAR = {1992}
}
@book{yilmaz2001seismic,
  title={Seismic data analysis},
  author={Yilmaz, {\"O}zdo{\u{g}}an},
  year={2001},
  publisher={Society of exploration geophysicists Tulsa}
}
@article{tyiasning2016comparison,
  title={A comparison of diffraction imaging to incoherence and curvature},
  author={Tyiasning, Stephanie and Merzlikin, Dmitrii and Cooke, Dennis and Fomel, Sergey},
  journal={The Leading Edge},
  volume={35},
  number={1},
  pages={86--89},
  year={2016},
  publisher={Society of Exploration Geophysicists}
}
@article{santos2016robust,
  title={Robust {T}ime-domain {M}igration {V}elocity {A}nalysis {M}ethods for {I}nitial-model {B}uilding in a {F}ull {W}aveform {T}omography {W}orkflow},
  author={Santos, HB and Schleicher, J and Novais, A and Kurzmann, A and Bohlen, T},
  journal={78th EAGE Conference and Exhibition 2016},
  year={2016}
}
@article{yilmaz2001unified,
  title={A unified 3-{D} seismic workflow},
  author={Yilmaz, {\"O}z and Tanir, Irfan and Gregory, Cyril},
  journal={Geophysics},
  volume={66},
  number={6},
  pages={1699--1713},
  year={2001},
  publisher={Society of Exploration Geophysicists}
}
