@Book{ripples,
  author =	 {A[] Jensen and A[] la~Cour-Harbo},
  title = 	 {Ripples in Mathematics: the discrete wavelet transform},
  publisher = 	 {Springer},
  year = 	 2001
}

@Article{pocs,
  author = 	 {R[] Abma and N[] Kabir},
  title = 	 {{3D} interpolation of irregular data with a {POCS} algorithm},
  journal = 	 {Geophysics},
  year = 	 2006,
  volume =	 71,
  number =	 6,
  pages =	 {E91-E97}
}

@Article{Castle94,
  author = 	 {R[ichard] J[] Castle},
  title = 	 {A theory of normal moveout},
  journal = 	 {Geophysics},
  year = 	 1994,
  volume =	 59,
  pages =	 {983-999}
}

@Article{Cohen92,
  author = 	 {A[] Cohen and I[] Daubechies and J[] Feauveau},
  title = 	 {Biorthogonal bases of compactly supported wavelets},
  journal = 	 {Communications on Pure and Applied Mathematics},
  year = 	 1992,
  volume =	 45,
  pages =	 {485-560}
}

@Article{Malovichko78,
  author = {A[lexey] A[] Malovichko},
  title = {A New Representation of the Traveltime Curve of Reflected Waves
   in Horizontally Layered Media},
  journal = {Applied Geophysics (in Russian)},
  year = {1978},
  volume = {91},
  number = {1},
  pages = {47-53, English translation in Sword.sep.51.313},
  annote = {in Russian}
}


@Book{Claerbout08a,
  author =	 {J[on] F[] Claerbout},
  title = 	 {Basic {Earth} Imaging},
  publisher = 	 {Stanford Exploration Project, 
                 \texttt{http://sepwww.stanford.edu/sep/prof/}},
  year = 	 2000
}

@Article{frsi1,
  author = 	 {P[] Zwartjes and A[] Gisolf},
  title = 	 {Fourier reconstruction of marine-streamer data in four spatial coordinates},
  journal = 	 {Geophysics},
  year = 	 2006,
  volume =	 71,
  pages =	 {V171-V186}
}

@Article{frsi2,
  author = 	 {P[] Zwartjes and A[] Gisolf},
  title = 	 {Fourier reconstruction with sparse inversion},
  journal = 	 {Geophysical Prospecting},
  year = 	 2007,
  volume =	 55,
  pages =	 {199-221}
}

@Article{frsi3,
  author = 	 {P[] Zwartjes and M[] Sacchi},
  title = 	 {Fourier reconstruction of nonuniformly sampled, aliased seismic data},
  journal = 	 {Geophysics},
  year = 	 2007,
  volume =	 72,
  pages =	 {V21-V32}
}

@Article{antileak,
  author = 	 {S[heng] Xu and Y[u] Zhang and D[on] Pham and G[illes] Lambar\'{e}},
  title = 	 {Antileakage {Fourier} transform for seismic data regularization},
  journal = 	 {Geophysics},
  year = 	 2005,
  volume =	 70,
  pages =	 {V87-V95}
}

@Article{Amaldi98,
  author = 	 {E[] Amaldi and V[] Kann},
  title = 	 {On the approximability of minimizing nonzero variables or unsatisfied relations in linear systems},
  journal = 	 {Theoretical Computer Science},
  year = 	 1998,
  volume =	 209,
  pages =	 {237-260}
}

@incollection {athome,
   author =      {W[] Sweldens and P[] Schr\"{o}der},
   title =       {Building your own wavelets at home},
   booktitle =   {Wavelets in Computer Graphics},
   publisher =   {ACM SIGGRAPH Course notes},
   pages =       {15-87},		  
   year =        1996
  }

@Article{Berkhout97,
  author = 	 {A[] J[] Berkhout and D[] J[] Verschuur},
  title = 	 {Estimation of multiple scattering by iterative inversion, {Part} 1 {Theoretical} consideration},
  journal = 	 {Geophysics},
  year = 	 1997,
  volume =	 62,
  pages =	 {1586-1595}
}

@inproceedings{Burnett09,
  author =       {W[illiam] Burnett and S[ergey] Fomel},
  booktitle =    {79nd Annual International Meeting},
  pages =        {3710-3714},
  publisher =    {SEG, Expanded Abstracts},
  title =        {Moveout analysis by time-warping},
  year =         {2009}
}

@Article{Brown05,
  author = 	 {M[organ] P[] Brown and A[ntoine] Guitton},
  title = 	 {Least-squares joint imaging of multiples and primaries},
  journal = 	 {Geophysics},
  year = 	 2005,
  volume =	 70,
  pages =	 {S79-S89}
}

@Article{Chauris08,
  author = 	 {H[] Chauris and T[] Nguyen},
  title = 	 {Seismic demigration/migration in the curvelet domain},
  journal = 	 {Geophysics},
  year = 	 2008,
  volume =	 73,
  pages =	 {S35-S46}
}

@Book{Claerbout04,
  author =	 {J[on] F[] Claerbout},
  title = 	 {Earth soundings analysis: processing versus inversion},
  publisher = 	 {Stanford Exploration Project, 
                 \texttt{http://sepwww.stanford.edu/sep/prof/}},
  year = 	 2004
}

@Article{Cohen92,
  author = 	 {A[] Cohen and I[] Daubechies and J[] Feauveau},
  title = 	 {Biorthogonal bases of compactly supported wavelets},
  journal = 	 {Communications on Pure and Applied Mathematics},
  year = 	 1992,
  volume =	 45,
  pages =	 {485-560}
}

@Article{Daubechies04,
  author = 	 {I[] Daubechies and M[] Defries and C[] De~Mol},
  title = 	 {An iterative thresholding algorithm for linear inverse problems with a sparsity constraint},
  journal = 	 {Communications on Pure and Applied Mathematics},
  year = 	 2004,
  volume =	 {LVII},
  pages =	 {1413-1457}
}

@Article{Dix55,
  author = 	 {C[] H[] Dix},
  title = 	 {Seismic velocity from surface measurement},
  journal = 	 {Geophysics},
  year = 	 1955,
  volume =	 20,
  pages =	 {68-86}
}

@Article{Do05,
  author = 	 {M[] N[] Do and M[] Vetterli},
  title = 	 {The contourlet transform: an efficient directional multiresolution image representation},
  journal = 	 {IEEE Transactions on Image Processing},
  year = 	 2005,
  volume =	 14,
  pages =	 {2091-2106}
}

@Article{Donoho06,
  author = 	 {D[] L[] Donoho},
  title = 	 {Compressed sensing},
  journal = 	 {IEEE Transactions on Information Theory},
  year = 	 2006,
  volume =	 52,
  pages =	 {1289-1306}
}

@Article{Foster92,
  author = 	 {D[ouglas] J[] Foster and C[harles] C[] Mosher},
  title = 	 {Suppression of multiple reflections using the {Radon} transform},
  journal = 	 {Geophysics},
  year = 	 1992,
  volume =	 57,
  pages =	 {386-395}
}

@PhdThesis{Fomel01a,
  author = 	 {S[ergey] Fomel},
  title = 	 {Three-dimensinal seismic data regularization},
  school = 	 {Stanford University},
  year = 	 2001
}

@incollection{Fomel01b,
title=           {Nonhyperbolic reflection moveout of {P} waves. {An} overview and comparison of reasons},
author=          {S[ergey] Fomel  and  V[ladimir] Grechka},
type=            {SEP-Report},
publisher=       {Colorado School of Mines},
year=            {2001},
journal=         {CWP-Report},
booktitle=       {CWP-372}
}

@Article{Fomel02,
  author = 	 {S[] Fomel},
  title = 	 {Applications of plane-wave destruction filters},
  journal = 	 {Geophysics},
  year = 	 2002,
  volume =	 67,
  pages =	 {1946-1960}
}

@inproceedings{Fomel06,
  author =       {S[ergey] Fomel},
  booktitle =    {76th Annual International Meeting},
  pages =        {2847-2851a},
  publisher =    {SEG, Expanded Abstracts},
  title =        {Towards the seislet transform},
  year =         {2006}
}

@Article{Fomel07,
  author = 	 {S[] Fomel},
  title = 	 {Velocity-independent time-domain seismic imaging using local
  event slopes},
  journal = 	 {Geophysics},
  year = 	 2007,
  volume =	 72,
  pages =	 {S139-S147}
}

@inproceedings{Fomel08,
  author =	 {S[] Fomel},
  title = 	 {Nonlinear shaping regularization in geophysical inverse problems},
  booktitle =    {78th Annual International Meeting},
  publisher =    {SEG, Expanded Abstracts},
  year = 	 {2008},
  pages =        {2046-2051}
}

@Article{Fomel09,
  author = 	 {S[] Fomel},
  title = 	 {Adaptive multiple subtraction using regularized nonstationary regression},
  journal = 	 {Geophysics},
  year = 	 2009,
  volume =	 74,
  pages =	 {V25-V33}
}

@Article{Fomel10a,
  author = 	 {S[] Fomel and Y[] Liu},
  title = 	 {Seislet transform and seislet frame},
  journal = 	 {Geophysics},
  year = 	 2010,
  volume =	 75,
  pages =	 {V25-V38}
}

@Article{Fomel10b,
  author = 	 {S[] Fomel},
  title = 	 {Predictive painting of {3D} seismic volumes},
  journal = 	 {Geophysics},
  year = 	 2010,
  volume =	 75,
  pages =	 {A25-A30}
}

@Article{Guitton04,
  author = 	 {A[] Guitton and D[] Verschuur},
  title = 	 {Adaptive subtraction of multiples using the {L}1-norm},
  journal = 	 {Geophysical Prospecting},
  year = 	 2004,
  volume =	 52,
  pages =	 {27-38}
}

@inproceedings{Hargreaves03,
  author =       {N[eil] Hargreave and B[ruce] verWest and R[ichard] Wombell and D[aniel] Trad},
  booktitle =    {73rd Annual International Meeting},
  pages =        {1929-1932},
  publisher =    {SEG, Expanded Abstracts},
  title =        {Multiple attenuation using an apex-shifted {Radon} transform},
  year =         {2003}
}

@inproceedings{Hunt96,
  author =       {L[ee] Hunt and P[eter] Gary and W[arren] Upham},
  booktitle =    {66th Annual International Meeting},
  pages =        {1535-1538},
  publisher =    {SEG, Expanded Abstracts},
  title =        {The impact of an improved Radon transform on multiple attenuation},
  year =         {1996}
}

@Article{Herrmann08b,
  author = 	 {F[] Herrmann and D[] Wang and D[] Hennenfent and P[] Moghaddam},
  title = 	 {Curvelet-based seismic data processing: a multiscale and nonlinear approach},
  journal = 	 {Geophysics},
  year = 	 2008,
  volume =	 73,
  pages =	 {A1-A5}
}

@Article{Herrmann08a,
  author = 	 {F[] Herrmann and D[] Wang and D[] J[] Verschuur},
  title = 	 {Adaptive curvelet-domain primary-multiple separation},
  journal = 	 {Geophysics},
  year = 	 2008,
  volume =	 73,
  pages =	 {A17-A21}
}

@Article{Li09,
  author = 	 {Y[] Li and B[] J[] Yang and J[] Badal and X[] P[] Zhao and H[] B[] Lin and R[] L[] Li},
  title = 	 {Chaotic system detection of weak seismic signals},
  journal = 	 {Geophysical Journal International},
  year = 	 2009,
  volume =	 178,
  pages =	 {1493-1522}
}

@inproceedings{Lian01,
  author =	 {C[] Lian and K[] Chen and H[] Chen and L[] Chen},
  title = 	 {Lifting based discrete wavelet transform architecture for {JPEG2000}},
  booktitle =    {The 2001 IEEE International Symposium on Circuits and Systems},
  year = 	 {2001},
  publisher =    {IEEE},
  pages =        {II445-II448}
}

@Article{Liu10,
  author = 	 {Y[] Liu and S[] Fomel },
  title = 	 {{OC}-seislet: Seislet transform construction with differential offset continuation},
  journal = 	 {Geophysics},
  year = 	 2010,
  volume =	 75,
  pages =	 {WB235-WB245}
}

@inproceedings{Liu12,
  author =       {Y[] Liu and C[] Liu and D[] Wang and X[] Feng and Q[] Lu},
  booktitle =    {74nd Annual International Meeting},
  pages =        {},
  publisher =    {EAGE, Expanded Abstracts},
  title =        {Iterative Seismic data interpolation beyond aliasing using seislet transform},
  year =         {2012}
}

@inproceedings{Liu09,
  author =       {Z[] Liu and Y[] Sun and W[] Wang and S[] Chen and J[] Wang},
  booktitle =    {International Geophysical Conference and Exposition},
  pages =        {3710-3714},
  publisher =    {CPS/SEG, Expanded Abstracts},
  title =        {Surface-related multiple attenuation by prediction-muting parabolic {Radon} transform},
  year =         {2009}
}

@Article{Lumley94,
  author = 	 {D[] Lumley and D[] Nichols and T[] Rekdal},
  title = 	 {Amplitude-preserved multiple suppression},
  journal = 	 {Stanford Exploration Project},
  year = 	 1994,
  volume =	 {SEP report 82},
  pages =	 {25-45}
}

@Book{mallat,
  author =	 {S[tephane] Mallat},
  title = 	 {A Wavelet Tour of Signal Processing: The Sparse Way},
  publisher = 	 {Academic Press},
  year = 	 2009
}

@inproceedings{Morlet81,
  author =       {[J] Morlet},
  booktitle =    {51st Annual International Meeting},
  pages =        {Session:S15.1},
  publisher =    {SEG, Expanded Abstracts},
  title =        {Sampling theory and wave propagation},
  year =         {1981}
}

@Article{Osher05,
  author = 	 {S[] Osher and M[] Burger and D[] Goldfarb and J[] Xu and W[] Ying},
  title = 	 {An iterated regularization method for total variatrion-based image restoration},
  journal = 	 {Multiscale Modeling \& Simulation},
  year = 	 2005,
  volume =	 4,
  pages =	 {460-489}
}

@Article{Ottolini83,
  author = 	 {R[] Ottolini},
  title = 	 {Signal/noise separation in dip space},
  journal = 	 {Stanford Exploration Project},
  year = 	 1983,
  volume =	 {SEP report 37},
  pages =	 {143-149}
}

@Article{Ottolini83b,
  author = 	 {R[] Ottolini},
  title = 	 {Velocity independent seismic imaging},
  journal = 	 {Stanford Exploration Project},
  year = 	 1983,
  volume =	 {SEP report 37},
  pages =	 {59-68}
}
@Article{Pennec05,
  author = 	 {E[] L[] Pennec and S[] Mallat},
  title = 	 {Sparse geometrical image representation with bandelets},
  journal = 	 {IEEE Transactions on Image Processing},
  year = 	 2005,
  volume =	 14,
  pages =	 {423-438}
}

@Article{Schleicher09,
  author = 	 {J[] Schleicher and J[] C[] Costa and L[] T[] Santos and A[] Novais and M[] Tygel },
  title = 	 {On the estimation of local slopes},
  journal = 	 {Geophysics},
  year = 	 2009,
  volume =	 74,
  pages =	 {P25-P33}
}

@Article{Starck00,
  author = 	 {J[] L[] Starck and E[] J[] Cand\'{e}s and D[] L[] Donoho},
  title = 	 {The Curvelet Transform for Image Denoising},
  journal = 	 {IEEE Transactions on Image Processing},
  year = 	 2000,
  volume =	 11,
  pages =	 {670-684}
}

@Article{Sweldens95,
  author = 	 {W[] Sweldens},
  title = 	 {The lifting scheme: {A} new philosophy in biorthogonal wavelet constructions},
  journal = 	 {Wavelet Applications in Signal and Image Processing III},
  year = 	 1995,
  volume =	 {Proc. SPIE 2569},
  pages =	 {68-79}
}

@Article{Yin08,
  author = 	 {W[] Yin and S[] Osher and D[] Goldfarb and J[] Darbon},
  title = 	 {Bregman iterative
  algorithms for $l_1$ minimization with applications to compressed sensing},
  journal = 	 {SIAM Journal on Imaging Sciences},
  year = 	 2008,
  volume =	 1,
  pages =	 {143-168}
}

@PhdThesis{Velisavljevic05,
  author = 	 {V[] Velisavljevic},
  title = 	 {Directionlets: anisotropic multi-directional representation with separable filtering},
  school = 	 {Ecole Polytechnique F\'{e}d\'{e}rale de Lausanne},
  year = 	 2005
}

@Article{Verschuur92,
  author = 	 {D[] J[] Verschuur and A[] J[] Berkhout and C[] P[] A[] Wapenaar},
  title = 	 {Adaptive surface-related multiple elimination},
  journal = 	 {Geophysics},
  year = 	 1992,
  volume =	 57,
  pages =	 {1166-1177}
}

@Article{Wang03,
  author = 	 {Y[anghua] Wang},
  title = 	 {Multiple attenuation: coping with the spatial truncation effect in the {Radon} transform domain},
  journal = 	 {Geophysical Prospecting},
  year = 	 2003,
  volume =	 51,
  pages =	 {75-83}
}

@Article{Weglein97,
  author = 	 {A[] B[] Weglein and F[] A[] Gasparotto and P[] M[] Carvalho and R[] H[] Stolt},
  title = 	 {An inverse-scattering series method for attenuating multiples in seismic reflection data},
  journal = 	 {Geophysics},
  year = 	 1997,
  volume =	 62,
  pages =	 {1975-1989}
}

@Article{Zhou96,
  author = 	 {B[inzhong] Zhou and S[tewart] Greenhalgh},
  title = 	 {Multiple suppression by {2D} filtering in the parabolic $\tau$-$p$ domain: a wave-equation-based method},
  journal = 	 {Geophysical Prospecting},
  year = 	 1996,
  volume =	 44,
  pages =	 {375-401}
}

@Article{m8r,
  author = {S. Fomel and P. Sava and I. Vlad and Y. Liu and
                 V. Bashkardin},
  title = {Madagascar: open-source software project for
              multidimensional data analysis and reproducible 
              computational experiments},
  journal = 	 {Journal of Open Research Software},
  year = 	 2013,
  volume = 	 1,
  number = 	 1,
  pages = 	 {e8},
  doi =          {http://dx.doi.org/10.5334/jors.ag}
}

@Article{Chen13a,
  author = 	 {Z[] Chen and S[] Fomel and W[] Lu},
  title = 	 {Accelerated plane-wave
  destruction},
  journal = 	 {Geophysics},
  year = 	 2013,
  volume = 	 78,
  pages = 	 {V1-V9}}

@Article{Chen13b,
  author = 	 {Z[] Chen and S[] Fomel and W[] Lu},
  title = 	 {Omnidirectional plane-wave
  destruction},
  journal = 	 {Geophysics},
  year = 	 2013,
  volume = 	 78,
  pages = 	 {V171-V179}}

@Article{Chen15,
  author = 	 {Y[angkang] Chen and L[ele] Zhang and L[ewei] Mo},
  title = 	 {Seismic data interpolation using nonlinear shaping regularization},
  journal = 	 {Journal of Seismic Exploration},
  year = 	 2015,
  volume = 	 24,
  pages = 	 {327-342}}

@inproceedings{Liu13,
  author =       {Y[ang] Liu and C[ai] Liu},
  booktitle =    {83rd Annual International Meeting},
  pages =        {3661-3666},
  publisher =    {SEG, Expanded Abstracts},
  title =        {Velocity-dependent seislet transform and its applications},
  year =         {2013}
}

@Article{Fomel06b,
  author = 	 {S[] Fomel and A[] Guitton},
  title = 	 {Regularizing seismic inverse
  problems by model re-parameterization using plane-wave construction},
  journal = 	 {Geophysics},
  year = 	 2006,
  volume = 	 71,
  pages = 	 {A43-A47}}

@book{key,
  author = {R.G.[] Keys and D.J. [] Foster},
  title = {Comparison of seismic inversion methods on a single real data set.},
  publisher = {Society of Exploration Geophysicists},
  year = {1998},
}

@Article{Casasanta11,
  author = 	 {L[] Casasanta and S[] Fomel},
  title = 	 {Velocity-independent $\tau$-$p$
moveout in a vertically-varying {VTI} medium},
  journal = 	 {Geophysics},
  year = 	 2011,
  volume = 	 76,
  pages = 	 {U45-U57}}

@Article{Fomel03,
  author = 	 {S[] Fomel},
  title = 	 {Seismic reflection data interpolation with differential offset and shot continuation },
  journal = 	 {Geophysics},
  year = 	 2003,
  volume = 	 68,
  pages = 	 {733-744}}

@book{Claerbout92,
   author = {J[on] F[] Claerbout},
   publisher = {Blackwell Scientific Publications},
   title = {{Earth Soundings Analysis: Processing Versus Inversion}},
   year = {1992}
}

@book{Stone94,
   author =       {D[] G[] Stone},
   publisher =    {Society of Exploration Geophysicists},
   title =        {Designing surveys in two and three dimension},
   year =         {1994}
}

@Article{Claerbout71,
  author = 	 {J[on] F[] Claerbout},
  title = 	 {Toward a unified theory of reflector mapping},
  journal = 	 {Geophysics},
  year = 	 1971,
  volume =	 36,
  pages =	 {467-481}
}

@inproceedings{Gardner94,
  author =	 {G[] G[] F[] Gardner and A[] Canning}, 
  title = 	 {Effects of irregular sampling on {3D} prestack migration},
  booktitle =    {64th Annual International Meeting},
  year = 	 {1994},
  publisher =    {SEG, Expanded Abstracts},
  pages =        {1553-1556}
}

@Article{Biondi96,
  author = 	 {B[] Biondi and G[] Palacharla},
  title = 	 {{3D} prestack migration of common-azimuth data},
  journal = 	 {Geophysics},
  year = 	 1996,
  volume =	 61,
  pages =	 {1822-1832}}

@inproceedings{Mosher97,
  author =	 {C[] C[] Mosher and D[] J[] Foster and S[] Hassanzadeh},
  title = 	 {Comman angle imaging with offset plane waves},
  booktitle =    {67th Annual International Meeting},
  year = 	 {1997},
  publisher =    {SEG, Expanded Abstracts},
  pages =        {1379-1382}}

@Article{Zhang03,
  author = 	 {Y[] Zhang and G[] Zhang and N[] Bleistein},
  title = 	 {True amplitude wave equation migration arising from true 
  amplitude one-way equations},
  journal = 	 {Inversion Problem},
  year = 	 2003,
  volume =	 19,
  pages =	 {1113-1138}}

@Article{Dragoset98,
  author = 	 {W[] H[] Dragoset and Z[] Jericevic},
  title = 	 {Some remarks on surface multiple attenuation},
  journal = 	 {Geophysics},
  year = 	 1998,
  volume =	 63,
  pages =	 {772-789}}

@inproceedings{vanDedem98,
  author =	 {E[] J[] van~Dedem and D[] J[] Verschuur}, 
  title = 	 {{3D} surface-related multiple elimination and interpolation},
  booktitle =    {68th Annual International Meeting},
  year = 	 {1998},
  publisher =    {SEG, Expanded Abstracts},
  pages =        {1321-1324}
}

@inproceedings{Legott99,
  author =	 {R[] J[] Legott and R[] G[] Williams and M[] Skinner},
  title = 	 {Co-location of {4D} seismic data in the presence of 
  navigational and timing errors},
  booktitle =    {69th Annual International Meeting},
  year = 	 {1999},
  publisher =    {SEG, Expanded Abstracts},
  pages =        {1699-1702}}


@inproceedings{Morice00,
  author =    {S[] Morice and S[] Ronen and P[] Canter and K[] Welker and D[] Clark},
  title = 	 {The impact of positioning differences on {4D} repeatability},
  booktitle =    {70th Annual International Meeting},
  year = 	 {2000},
  publisher =    {SEG, Expanded Abstracts},
  pages =        {1611-1614}}

@Article{Bagaini96,
  author = 	 {C[] Bagaini and U[] Spagnolini},
  title = 	 {{2D} continuation operators and their application},
  journal = 	 {Geophysics},
  year = 	 1996,
  volume =	 61,
  pages =	 {1846-1858}
}

@Article{Canning96,
  author = 	 {A[] Canning and G[] H[] F[] Gardner},
  title = 	 {Regularizing {3D} data sets with {DMO}},
  journal = 	 {Geophysics},
  year = 	 1996,
  volume =	 61,
  pages =	 {1103-1114}
}

@Article{Bleistein00,
  author = 	 {N[] Bleistein and H[] Jaramillo},
  title = 	 {A platform for Kirchhoff data mapping in scalar models of data acquisition},
  journal = 	 {Geophysical Prospecting},
  year = 	 2000,
  volume =	 48,
  pages =	 {135-162}
}

@Article{Chemingui02,
  author = 	 {N[] Chemingui and B[] Biondi},
  title = 	 {Seismic data reconstruction by inversion to common offset},
  journal = 	 {Geophysics},
  year = 	 2002,
  volume =	 67,
  pages =	 {1575-1585}
}

@Article{Stolt02,
  author = 	 {R[] H[] Stolt},
  title = 	 {Seismic data mapping and reconstruction},
  journal = 	 {Geophysics},
  year = 	 2002,
  volume =	 67,
  pages =	 {890-908}
}

@book{Claerbout99,
   author =       {J[on] F[] Claerbout},
   publisher =    {Stanford Exploration Project},
   title =        {{Geophysical estimation by example: Environmental soundings image enhancement}},
   year =         {1999}
}

@Article{Spitz91,
  author = 	 {S[] Spitz},
  title = 	 {Seismic trace interpolation in the $F$-$X$ domain},
  journal = 	 {Geophysics},
  year = 	 1991,
  volume =	 56,
  pages =	 {785-794}
}


@Article{Porsani99,
  author = 	 {J[] M[] Porsani},
  title = 	 {Seismic trace interpolation using half-step prediction filters},
  journal = 	 {Geophysics},
  year = 	 1999,
  volume =	 64,
  pages =	 {1461-1467}
}

@Article{Wang02,
  author = 	 {Y[] Wang},
  title = 	 {Seismic trace interpolation in the $f$-$x$-$y$ domain},
  journal = 	 {Geophysics},
  year = 	 2002,
  volume =	 67,
  pages =	 {1232-1239}
}

@Article{Wang15,
  author = 	 {X[iaokai] Wang and J[inghuai] Gao and W[enchao] Chen and C[changchun] Yang},
  title = 	 {The seismic random noise attenuation method based on enhanced bandelet transform},
  journal = 	 {Journal of Applied Geophysics},
  year = 	 2015,
  volume =	 116,
  pages =	 {146-155}
}

@Article{Bobmann15,
  author = 	 {F[lorian] Bo$\ss$mann and J[ianwei] Ma},
  title = 	 {Asymmetric chirplet transform for sparse representation of seismic data},
  journal = 	 {Geophysics},
  year = 	 2015,
  volume =	 80,
  pages =	 {WD89-WD100}
}

@Article{Naghizadeh13,
  author = 	 {M[] Naghizadeh and K[] A[] Innanen},
  title = 	 {Two-dimensional fast generalized {Fourier} interpolation of seismic records},
  journal = 	 {Geophysical Prospecting},
  year = 	 2013,
  volume =	 61,
  pages =	 {62-76}
}


@Article{Gulunay03,
  author = 	 {N[ecati] G\"{u}l\"{u}nay},
  title = 	 {Seismic trace interpolation in the {Fourier} transform domain},
  journal = 	 {Geophysics},
  year = 	 2003,
  volume =	 68,
  pages =	 {355-369}
}

@inproceedings{Claerbout91,
  author =	 {J[] Claerbout and D[] Nichols},
  title = 	 {Interpolation beyond aliasing by ($t$-$s$) domain {PEFs}},
  booktitle =    {53rd Annual International Meeting},
  year = 	 {1991},
  publisher =    {EAGE, Expanded Abstracts},
  pages =        {A001}
}

@Article{Gulunay03,
  author = 	 {N[ecati] G\"{u}l\"{u}nay},
  title = 	 {Seismic trace interpolation in the Fourier transform domain},
  journal = 	 {Geophysics},
  year = 	 2003,
  volume =	 68,
  pages =	 {355-369}
}


@inproceedings{Abma03,
  author =	 {R[] Abma and N[] Kabir},
  title = 	 {Comparisons of interpolation methods in the presence of aliased events},
  booktitle =    {73rd Annual International Meeting},
  year = 	 {2006},
  publisher =    {SEG, Expanded Abstracts},
  pages =        {1909-1912}
}


@Article{Liu15,
  author = 	 {Y[] Liu and S[] Fomel and C[] Liu},
  title = 	 {Signal and noise separation in prestack seismic data using velocity-dependent seislet transform},
  journal = 	 {Geophysics},
  year = 	 2015,
  volume =	 80,
  pages =	 {WD117-WD128}
}


@Article{liu11,
  author = 	 {Y[] Liu and S[] Fomel},
  title = 	 {Seismic data interpolation beyond aliasing using regularized nonstationary autoregression},
  journal = 	 {Geophysics},
  year = 	 2011,
  volume =	 76,
  pages =	 {V69-V77}
}

@Article{Ma14,
  author = 	 {J[ingwei] Liang and J[ianwei] Ma and X[iaoqun] Zhang},
  title = 	 {Seismic data restoration via data-driven tight frame},
  journal = 	 {Geophysics},
  year = 	 2014,
  volume =	 79,
  pages =	 {V65-V74}
}

@Article{Yu15,
  author = 	 {S[iwei] Yu and J[ianwei] Ma and X[iaoqun] Zhang and M[auricio] D[] Sacchi},
  title = 	 {Interpolation and denoising of high-dimensional seismic data},
  journal = 	 {Geophysics},
  year = 	 2015,
  volume =	 80,
  pages =	 {V119-V132}
}

@Article{Naghizadeh09,
  author = 	 {M[] Naghizadeh and M[] Sacchi},
  title = 	 {$f$-$x$ adaptive seismic-trace interpolation},
  journal = 	 {Geophysics},
  year = 	 2009,
  volume =	 74,
  pages =	 {V9-V16}
}

@Article{donoho06,
  author = 	 {D[] Donoho},
  title = 	 {Compressed sensing},
  journal = 	 {IEEE Transactions},
  year = 	 2006,
  volume =	 52,
  pages =	 {1289-1306}
}

@inproceedings{curry03,
  author =       {W[] Curry},
  booktitle =    {73rd Annual International Meeting},
  pages =        {1913-1916},
  publisher =    {SEG, Expanded Abstracts},
  title =        {Interpolation sampled data with nonstationary, multiscale prediction-error filters},
  year =         {2003}
}

@inproceedings{curry04,
  author =       {W[] Curry},
  booktitle =    {74th Annual International Meeting},
  pages =        {2005-2008},
  publisher =    {SEG, Expanded Abstracts},
  title =        {Interpolation with multi-shifted-scale prediction-error filters},
  year =         {2004}
}

@inproceedings{curry06,
  author =       {W[] Curry},
  booktitle =    {76th Annual International Meeting},
  pages =        {2709-2712},
  publisher =    {SEG, Expanded Abstracts},
  title =        {Interpolating diffracted multiples with prediction-error filters},
  year =         {2006}
}

@inproceedings{LI16,
  author =       {B[ingxiu] Li and D[ian] Wang and Y[ang] Liu and C[ai] Liu},
  booktitle =    {86th Annual International Meeting},
  pages =        {4720-4724},
  publisher =    {SEG, Expanded Abstracts},
  title =        {Local SNR estimation method for seismic data},
  year =         {2016}
}


@Article{french74,
  author = 	 {M[] S[] French},
  title = 	 {Two-dimensional and three-dimensional migration of model-experiment reflection profiles},
  journal = 	 {Geophysics},
  year = 	 1974,
  volume =	 39,
  pages =	 {265-277}
}

@Article{Gao10,
  author = 	 {J[] Gao and X[] Chen and J[] Li and G[] Liu and J[] Ma},
  title = 	 {Irregular seismic data reconstruction based on exponential threshold model of {POCS} method},
  journal = 	 {Applied Geophysics},
  year = 	 2010,
  volume =	 7,
  pages =	 {229-238}
}
