@string{geophysics= {{Geophysics}}}
@string{gji={{Geophysical Journal International}}}
@string{bssa={{Bulletin of the Seismological Society of America}}}
@string{jgr=      {{Journal of Geophysical Research}}}
@string{tle= {{The Leading Edge}}}
@string{science={{Science}}}
@string{nature={{Nature}}}
@string{natgeo={{Nature Geoscience}}}
@string{epsl={{Earth and Planetary Science Letters}}}
@string{pepi={{Physics of the Earth and Planetary Interiors}}}
@string{grl={{Geophysical Research Letters}}}
@string{geology={{Geology}}}
@string{tectonophysics={{Tectonophysics}}}
@string{MGR={{Marine Geophys. Res.}}}
@string{AREPS={{Annu.Rev.Earth Planet.Sci}}}
@string{GJRAS={{Geophys.J.R.astr.Soc}}}
@string{CCP={{Comm. in Comput. Phys.}}}
@string{G3={{Geochmistry Geophysics Geosystems}}}
@string{inverse=  {{Inverse Problems}}}
@string{geoprosp= {{Geophysical Prospecting}}}
@string{petrogeo={{Petroleum Geoscience}}}

@article{Baek2013,
	author={H. Baek and H. Calandra and L. Demanet},
	title={Velocity estimation via registration-guided least-squares inversion},
	journal=geophysics, 
	year=2013,
	volume=79,
	issue=2,
	pages={R79-R89}
}
@article{fwi3D,
	author={H Ben-Hadj-Ali and S. Operto and J Virieux},
	title={Velocity model building by 3{D} frequency-domain, full-waveform inversion of wide-aperture seismic data},
	journal=geophysics,
	year=2008,
	volume=73,
	issue=5,
	pages={VE101-VE117}
}

@article{Virieux2009,
	author={R. Brossier and S. Operto and J. Virieux},
	year=2009,
	title={Seismic imaging of complex onshore structures by 2{D} elastic frequency-domain full-waveform inversion},
	journal=geophysics,
	volume=74,
	issue=6,
	pages={WCC105-WCC118}
}

@article{Bunks1995,
	author={C. Bunks and F. M. Saleck and S. Zaleski and G. Chavent},
	title={Multiscale seismic waveform inversion},
	journal=geophysics,
	year=1995,
	volume=60,
	pages={1457--1473}
}

@article{Engquist2014,
	author={B. Engquist and B. Froese},
	title={Application of the {W}asserstein metric to seismic signals},
	year=2014,
	volume=12,
	issue=5,
	journal={Communications in Mathematical Sciences},
	pages={979-988}
}

@article{Fichtner2008,
	author={A. Fichtner and B. Kennett and H. Bunge and H. Igel},
	year=2008,
	title={Theoretical background for continent and global scale full-waveform inversion in the time-frequency domain},
	journal=gji,
	volume=175,
	pages={665-685}
}

@article{Fichtner2009,
	author={A. Fichtner and B. Kennett and H. Igel and H. Bunge},
	year=2009,
	title={Full seismic waveform tomography for upper-mantle structure in the {A}ustralasian region using adjoint methods},
	journal=gji,
	volume=179,
	pages={1703-1725}
}

@ARTICLE{Fletcher1964,
        AUTHOR="R. Fletcher and C.M. Reeves",
        TITLE={{Function minimization by conjugate gradients}},
        JOURNAL="Computer Journal",
        YEAR="1964",
        VOLUME="7",
        PAGES="149--154"
        }


@article{shaping2007,
	author={S. Fomel},
	title={Shaping regularization in geophysical-estimation problems},
	journal=geophysics, 
	volume=72,
	issue=2, 
	year=2007,
	pages={R29-R36}
}

@article{nonstationary2009,
    author={S. Fomel},
    title={Adaptive multiple subtraction using regularized nonstationary regression},
    journal=geophysics, 
    volume=74,
    year=2009,
    pages={V25-V33}
}

@ARTICLE{Gauthier_Tarantola1986,
	author={O. Gauthier and J. Virieux and A. Tarantola},
	year=1986,
	title={Two-dimensional nonlinear inversion of seismic waveforms: numerical results},
	journal=geophysics,
	volume=51,
	pages={1387-1403}
}

@article{huber2009,
	author={T. Ha and W. Chung and C. Shin},
	title={Waveform inversion using a back-propagation algorithm and a {H}uber function norm},
	year=2009,
	journal=geophysics, 
	volume=74,
	issue=3,
	pages={R15-R24}
}

@article{JacksonDD1972,
	author={D. Jackson},
	title={Interpretation of inaccurate, insufficient, inconsistent data},
	journal={Geophysical Journal of the Royal Astronomical Society},
	volume={28},
	year=1972,
	pages={97-109}
}

@incollection{Lailly1983,
        author={P. Lailly},
        year=1983,
        title={The seismic inverse problem as a sequence of before stack migration},
        booktitle={J. Bednar, ed., Conference on Inverse Scattering: Theory and Application},
        publisher={Society for Industrial and Applied Mathematics},
        pages={206-220}
}

@article{Luo1991,
	author={Y. Luo and G. Schuster},
	title={Wave-equation traveltime inversion},
	year=1991,
	journal=geophysics,
	volume=56,
	pages={645-653}
}

@article{dynamicwarping,
	author={Y. Ma and D. Hale},
	title={Wave-equation reflection traveltime inversion with dynamic warping and full-waveform inversion},
	journal=geophysics,
	year=2013,
	volume=78,
	issue=6,
	pages={R223-R233}
}

@article{Nocedal1980,
	author={J. Nocedal},
	title={Updating quasi-{N}ewton matrices with limited storage},
	journal="Mathematics of Computation",
	year=1980,
	volume=35,
	pages={773--782}
}

@article{Plessix2006,
        author={R. Plessix},
        year=2006,
        title={A review of the adjoint-state method for computing the gradient of a functional with geophysical applications},
        journal=gji,
        volume=167,
        pages={495-503}
}

@article{Pratt1998,
	author={R. Pratt and C. Shin and G. J. Hicks},
	title={Gauss-{N}ewton and full {N}ewton methods in frequency-space seismic waveform inversion},
	journal=gji,
	volume=133,
	year=1998,
	pages={341-362}
}


@ARTICLE{Pratt1999,
      author={R. G. Pratt},
      year=1999,
      title={Seismic waveform inversion in the frequency domain, {P}art 1:
{T}heory and verification in a physical scale model},
      journal=geophysics,
      volume=64,
      pages={888--901}
}

@article{multifwi,
	author={V. Prieux and R. Brossier and S. Operto and J. Virieux},
	title={Multiparameter full waveform inversion of multicomponent ocean-bottom-cable data from the {V}alhall field, {P}art 1: imaging compressional wave speed, density and attenuation},
	journal=gji,
	year=2013,
	volume=194,
	issue=3,
	pages={1640-1664}
}

@article{PShen2008,
	author={P. Shen and W. Symes},
	title={Automatic velocity analysis via shot profile migration},
	journal=geophysics,
	volume=73,
	year=2008,
	pages={VE49-VE59}
}

@article{Shin2008,
	author={C. Shin and Y. Cha},
	title={Waveform inversion in the {L}aplace domain},
	journal=gji,
	volume=173,
	year=1998,
	pages={922-931}
}


@article{Sirgue2010,
	author={L. Sirgue and O. Barkved and J. Dellinger and J. Etgen and U. Albertin and J. Kommedal},
	title={Full waveform inversion: the next leap forward in imaging at {V}alhall},
	journal={First Break},
	year=2010,
	volume=28,
	pages={65--70}
}
@article{SirguePratt2004,
    author={L. Sirgue and G. Pratt},
    title={Efficient waveform inversion and imaging: A strategy for selecting temporal frequencies},
    journal=geophysics,
    year=2004,
    volume=69,
    pages={231--248}
}

@article{Symes1991,
	author={W. Symes and J. Carazzone},
	title={Velocity inversion by differential semblance optimization},
	journal=geophysics, 
	volume=56,
	issue=5,
	year=1991,
	pages={654-663}
}

@article{Tape2009,
	author={C. Tape and Q. Liu and A. Maggi and J. Tromp},
	title={Adjoint tomography of the southern {C}alifornia crust},
	journal=science,
	volume=325,
	year=2009,
	pages={988--992}
}

@ARTICLE{Tarantola1984,
      author={A. Tarantola},
      year=1984,
      title={Inversion of seismic reflection data in the acoustic approximation},
      journal=geophysics,
      volume=49,
      pages={1259-1266}
}

@article{Leeuwen2010,
	author={T. van Leeuwen and M. A. Mulder},
	title={A correlation-based misfit criterion from wave-equation traveltime tomography},
	journal=gji,
	year=2010,
	volume=182,
	pages={1383-1394}
}

@article{fwi2009,
	author={J. Virieux and S. Operto},
	title={An overview of full-waveform inversion in exploration geophysics},
	year=2009,
	journal=geophysics,
	volume=74,
	issue=6,
	pages={WCC1--WCC26}
}

@article{Warner2014,
	author={M. Warner and L. Guasch},
	title={Adaptive waveform inversion: {T}heory},
	journal={84th Annual Internation Meeting, SEG, Expanded Abstracts},
	year=2014,
	pages={1089-1092}
}
@article{Warner2013,
	author={M. Warner and A. Ratcliffe and T. Nangoo},
	title={Anisotropic 3{D} full-waveform inversion},
	journal=geophysics,
	volume=78,
	year=2013,
	pages={R59--R80}
}

@article{Wu2014,
	author={R. Wu and J. Luo and B. Wu},
	title={Seismic envelope inversion and modulation signal model},
	journal=geophysics, 
	volume=79,
	year=2014,
	pages={WA13-WA24}
}


@article{ZhouY2004,
	author={Y. Zhou and F. Dahlen and G. Nolet},
	title={Three-dimensional sensitivity kernels for surface wave observables},
	journal=gji,
	year=2004,
	volume=158,
	pages={142-168}
}

@article{Zhuetal2013_att,
	author={H.J. Zhu and E. Bozdag and T. Duffy and J. Tromp},
	title={Seismic attenuation beneath {E}urope and the {N}orth {A}tlantic: {I}mplicitions for water in the mantle},
	year=2013,
	journal=epsl,
	volume=381,
	pages={1-11}
}

@article{Zhuetal2012,
	author={H.J. Zhu and E. Bozdag and D. Peter and J. Tromp},
	title={Structure of the {E}uropean upper mantle revealed by adjoint tomography},
	journal=natgeo,
	year=2012,
	volume=5,
	pages={493-498}
}

@article{Zhuetal2013_aniso,
	author={H.J. Zhu and J. Tromp},
	title={Mapping tectonic deformation in the crust and upper mantle beneath {E}urope and the {N}orth {A}tlantic {O}cean},
	year=2013,
	journal=science,
	volume={341},
	pages={871-875}
}
@article{Zhuetal2015_gji,
    author={H.J. Zhu and E. Bozdag and J. Tromp},
    title={Seismic structure of the European upper mantle based on adjoint tomography},
    year=2015,
    journal=gji,
    volume=201,
    pages={18--52}
}
@article{attenfwi,
    author={M. Malinowski and S. Operto and A. Bibodetti},
    title={High-resolution seismic attenuation imaging from wide-aperture onshore data by visco-acoustic frequency-domain full-waveform inversion},
    journal=gji,
    volume=186,
    year=2011,
    pages={1179--1204}
}

@article{Yuan2014,
    author={Y. Yuan and F. Simons},
    title={Multiscale adjoint waveform-difference tomography using wavelets},
    journal=geophysics,
    year=2014,
    volume=79,
    pages={W79--W95}
}

