@Article{Cerjan_1985_NBC,
  Title                    = {A nonreflecting boundary condition for discrete acoustic and elastic wave equations},
  Author                   = {C. Cerjan and D. Kosloff and R. Kosloff and M. Reshef},
  Journal                  = {Geophysics},
  Year                     = {1985},
  Number                   = {4},
  Pages                    = {2117--2131},
  Volume                   = {50}
}

@Article{Carcione_2010_GFP,
  Title                    = {A generalization of the Fourier pseudospectral method},
  Author                   = {Jos{\'e} M Carcione},
  Journal                  = {Geophysics},
  Year                     = {2010},
  Number                   = {6},
  Pages                    = {A53--A56},
  Volume                   = {75},

  Owner                    = {yangpe},
  Publisher                = {Society of Exploration Geophysicists},
  Timestamp                = {2016.04.11}
}

