@book{fornberg98,
  title={A practical guide to pseudospectral methods},
  author={Fornberg, Bengt},
  volume={1},
  year={1998},
  publisher={Cambridge university press}
}

@book {Grigis,
    AUTHOR = {Grigis, Alain and Sj{\"o}strand, Johannes},
     TITLE = {Microlocal analysis for differential operators},
    SERIES = {London Mathematical Society Lecture Note Series},
    VOLUME = {196},
      NOTE = {An introduction},
 PUBLISHER = {Cambridge University Press, Cambridge},
      YEAR = {1994},
     PAGES = {iv+151},
      ISBN = {0-521-44986-3},
   MRCLASS = {35A27 (35Sxx 58G07 58G15 58G17)},
  MRNUMBER = {1269107 (95d:35009)},
MRREVIEWER = {Vesselin M. Petkov},
       DOI = {10.1017/CBO9780511721441},
       URL = {http://dx.doi.org/10.1017/CBO9780511721441},
}

@book {Stein,
    AUTHOR = {Stein, Elias M.},
     TITLE = {Harmonic analysis: real-variable methods, orthogonality, and
              oscillatory integrals},
    SERIES = {Princeton Mathematical Series},
    VOLUME = {43},
      NOTE = {With the assistance of Timothy S. Murphy,
              Monographs in Harmonic Analysis, III},
 PUBLISHER = {Princeton University Press, Princeton, NJ},
      YEAR = {1993},
     PAGES = {xiv+695},
      ISBN = {0-691-03216-5},
   MRCLASS = {42-02 (35Sxx 43-02 47G30)},
  MRNUMBER = {1232192 (95c:42002)},
MRREVIEWER = {Michael Cowling},
}

@ARTICLE{zhang09,
  author = {Y[] Zhang and G[] Zhang},
  title = {One-step extrapolation method for reverse time migration},
  journal = {Geophysics},
  year = {2009},
  volume = {74},
  issue = {4},
  publisher = {SEG},
  pages = {A29-A33}
}

@ARTICLE{song,
  author = {X[] Song and S[] Fomel and L[] Ying},
  title = {Lowrank finite-differences and lowrank {F}ourier finite-differences for seismic wave extrapolation},
  journal = {Geophysical Journal International},
  year = {2013},
  volume = 193,
  issue = 2,
  pages = {960-969},
  doi = {10.1093/gji/ggt017}
}

@ARTICLE{ying09,
  author = {L[] Ying and S[] Fomel},
  title = {Fast computation of partial {Fourier Transforms}},
  journal = {Multiscale Model. Simul.},
  year = {2009},
  volume = {8},
  issue = {1},
  publisher = {SIAM},
  pages = {110-124}
}

@Article{cerjan,
  author = 	 {C[] Cerjan and D[] Kosloff and R[] Kosloff and M[] Reshef},
  title = 	 {A Nonreflecting boundary condition for discrete acoustic and elastic wave equations},
  journal = {Geophysics},
  year = 	 1985,
  volume =	 50,
  pages =	 {705-708}
}

@inproceedings{etgen09abs,
	author=	{J[] Etgen and S[] Brandsberg-Dahl},
	year=	2009,
	title=	{The pseudo-analytical method: application of {pseudo-{L}aplacians} to acoustic and acoustic anisotropic wave propagation},
	booktitle=	{79th Annual International Meeting, SEG, Expanded Abstracts},
        pages = {2552-2556}
	}

@inproceedings{chunlei,
	author=	{C[] Chu and P[] Stoffa},
	year=	2008,
	title=	{A pseudospectral-finite difference hybrid approach for large-scale seismic modeling and {RTM} on parallel computers},
	booktitle=	{78th Annual International Meeting, SEG, Expanded Abstracts},
        pages = {2087-2091}
	}

@inproceedings{wards,
	author=	{B[en] D[] Wards and G[ary] F[] Margrave and M[ichael] P[] Lamoureux},
	year=	2008,
	title=	{Phase-shift time-stepping for reverse-time migration},
	booktitle=	{78th Annual International Meeting, SEG, Expanded Abstracts},
        pages = {2262-2266}
	}

@inproceedings{zhang07,
  author =	 {Y[] Zhang and G[] Zhang and D[] Yingst and J[] Sun},
  title = 	 {Explicit marching method for reverse-time migration},
  booktitle =    {77th Annual International Meeting, SEG, Expanded Abstracts},
  year = 	 {2007},
  pages =        {2300-2303}
}

@inproceedings{whitmore,
  AUTHOR = {N[] D[] Whitmore},
  TITLE = {Iterative depth migration by backward time propagation},
  booktitle =    {53rd Annual International Meeting, SEG, Expanded Abstracts},
  year = 	 {1983},
  pages =        {382-385}
}


@Article{baysal,
  author = 	 {E[dip] Baysal and D[an] D[] Kosloff and J[ohn] W[] C[] Sherwood},
  title = 	 {Reverse time migration},
  journal = {Geophysics},
  year = 	 1983,
  volume =	 48,
  pages =	 {1514-1524}
}

@Article{McMechan,
  author = 	 {G[] A[]  McMechan},
  title = 	 {Migration by extrapolation of time-dependent boundary values},
  journal = 	 {Geophysical Prospecting},
  year = 	 1983,
  volume =	 31,
  pages =	 {413-420}
}

@Article{kosloff,
  author = 	 {D[] Kosloff and E[] Baysal},
  title = 	 {Forward modeling by a {F}ourier method},
  journal = {Geophysics},
  year = 	 1982,
  volume =	 47,
  pages =	 {1402-1412}
}

@inproceedings{soubaras,
  author =	 {R[] Soubaras and Y[] Zhang},
  title = 	 {Two-step explicit marching method for reverse time migration},
  booktitle =    {78th Annual International Meeting, SEG, Expanded Abstracts},
  year = 	 {2008},
  pages =        {2272-2276}
}

@ARTICLE{pestana,
  author = {R[] C[] Pestana and P[] L[] Stoffa},
  title = {Time evolution of the wave equation using rapid expansion method},
  journal = {Geophysics},
  year = {2010},
  volume = {75},
  issue = {4},
  publisher = {SEG},
  pages = {T121-T131}
}

@inproceedings{pestana14,
  author = {R[] C[] Pestana},
  booktitle = {84th Annual International Meeting, SEG, Expanded Abstracts},
  title = {Chebyshev expansion applied to the one-step wave extrapolation matrix},
  year = {2014},
  pages = {3449-3453}
}

@inproceedings{stoffa,
   author = {P[] L[] Stoffa and R[] C[] Pestana},
   booktitle = {79th Annual International Meeting, SEG, Expanded Abstracts},
   title = {Numerical solution of the acoustic wave equation by the rapid expansion method ({REM}) - A one step time evolution algorithm},
   year = {2009},
   pages = {2672-2676}
}

@inproceedings{liu,
  AUTHOR = {F[] Liu and S[] A[] Morton and S[] Jiang and L[] Ni and J[] P[] Leveille},
  TITLE = {Decoupled wave equations for {P} and {SV} waves in an acoustic {VTI} media},
  booktitle =    {79th Annual International Meeting, SEG, Expanded Abstracts},
  year = 	 {2009},
  pages =        {2844-2848}
}
@inproceedings{lowrankabs,
  AUTHOR = {S[] Fomel and L[] Ying and X[] Song},
  TITLE = {Seismic wave extrapolation using a lowrank symbol approximation},
  booktitle =    {80th Annual International Meeting, SEG, Expanded Abstracts},
  year = 	 {2010},
  pages = {3092-3096}
}
@INPROCEEDINGS{du,
  author = {X[] Du and R[] P[] Fletcher and P[] J[] Fowler}, 
  title = {Pure {P}-wave propagators versus pseudo-acoustic propagators for {RTM} in {VTI} meida},
  booktitle = {72nd Annual EAGE Meeting, EAGE, Expanded Abstracts},
  year = {2010},
  pages = {C013}
}

@article{lowrank,
  AUTHOR =       {S[] Fomel and L[] Ying and X[] Song},
  TITLE =        {Seismic wave extrapolation using lowrank symbol approximation},
  JOURNAL =      {Geophysical Prospecting},
  YEAR =         {2013},
  volume = {61},
  issue = {3},
  pages = {526-536},
  DOI = {10.1111/j.1365-2478.2012.01064.x}
}

@inproceedings{fowler,
	author=	{P[] J[] Fowler and X[] Du and R[] P[] Fletcher},
	year=	2010,
	title=	{Recursive integral time extrapolation methods for scalar waves},
	booktitle={80th Annual International Meeting, SEG, Expanded Abstracts},
        pages = {3210-3215}
	}

@Article{review,
  author = 	 {J[] Virieux and H[] Calandra and R[] Plessix},
  title = 	 {A review of the spectral, pseudo-spectral, finite-difference and finite-element modelling techniques for geophysical imaging},
  journal = 	 {Geophysical Prospecting},
  year = 	 2011,
  volume =	 59,
  pages =	 {794-813}
}

@ARTICLE{chatt,
  author = {S[] Chattopadhyay and G[] A[] McMechan},
  title = {Imaging conditions for prestack reverse-time migration},
  journal = {Geophysics},
  year = {2008},
  volume = {73},
  issue = {3},
  publisher = {SEG},
  pages = {S81-S89}
}

@ARTICLE{fletcher,
  author = {R[] P[] Fletcher and X[] Du and P[] J[] Fowler},
  title = {Reverse time migration in tilted transversely isotropic ({TTI}) media},
  journal = {Geophysics},
  year = {2009},
  volume = {74},
  issue = {6},
  publisher = {SEG},
  pages = {WCA179-WCA187}
}

@Article{fomel04,
  author =       {S[] Fomel},
  title =        {On anelliptic approximations for q{P} velocities in {VTI} media},
  journal =      {Geophysical Prospecting},
  year =         2004,
  volume =       52,
  pages =        {247-259}
}

@ARTICLE{taner79,
  author = {M[] T[] Taner and F[] Koehler and R[] E[] Sheriff},
  title = {Complex seismic trace analysis},
  journal = {Geophysics},
  year = {1979},
  volume = {44},
  issue = {6},
  publisher = {SEG},
  pages = {1041-1063}
}

@Article{tariq98,
  author =       {T[] Alkhalifah},
  title =        {Acoustic approximations for processing in transversely isotropic media},
  journal =      {Geophysics},
  year =         1998,
  volume =       63,
  pages =        {623-631}
}

@Article{tariq00,
  author =       {T[] Alkhalifah},
  title =        {An acoustic wave equation for anisotropic media},
  journal =      {Geophysics},
  year =         2000,
  volume =       65,
  pages =        {1239-1250}
}

@Article{tariq03,
  author={Tariq Alkhalifah},
  title={An acoustic wave equation for orthorhombic anisotropy},
  journal={Geophysics},
  year=2003,
  Volume=68,
  pages={1169-1172}
}

@ARTICLE{fowlerrtm,
  author = {P[] J[] Fowler and X[] Du and R[] P[] Fletcher},
  title = {Coupled equations for reverse time migration in transversely isotropic media},
  journal = {Geophysics},
  year = {2010},
  volume = {75},
  issue = {1},
  publisher = {SEG},
  pages = {S11-S22}
}

@ARTICLE{gxt,
  author = {P[] A[] Farmer and I[] F[] Jones and H[] Zhou and R[] I[] Bloor and M[] C[] Goodwin},
  title = {Application of Reverse Time Migration to Complex Imaging Problems},
  journal = {First Break},
  year = {2006},
  volume = {24},
  pages = {65-73},
  publisher = {SEG}
}

@ARTICLE{leveille11,
  author = {J[] P[] Leveille and I[] F[] Jones and Z[] Z[] Zhou and B[] Wang and F[] Liu},
  title = {Subsalt imaging for exploration, production, and development: {A} review},
  journal = {Geophysics},
  year = {2011},
  volume = {76},
  issue = {5},
  publisher = {SEG},
  pages = {WB3-WB20}
}

@ARTICLE{perm14,
  author = {T[] Alkhalifah and S[] Fomel and Z[] Wu},
  title = {Source-receiver Two-way Wave Extrapolation For Prestack Exploding-reflector Modeling And Migration},
  journal = {Geophysical Prospecting},
  year = {2014},
  volume = {63},
  issue = {1},
  pages = {23-34}
}

@ARTICLE{wu14a,
  author = {Z[] Wu and T[] Alkhalifah},
  title = {The optimized expansion based low-rank method for wavefield extrapolation},
  journal = {Geophysics},
  year = {2014},
  volume = {79},
  issue = {2},
  publisher = {SEG},
  pages = {T51-T60}
}

@ARTICLE{sava1,
  author = {P[] Sava and B[] Biondi},
  title = {Wave-equation migration velocity analysis, {I}. {T}heory},
  journal = {Geophysical Prospecting},
  year = {2004},
  volume = {52},
  issue = {5},
  pages = {593-606}
}
@ARTICLE{sava2,
  author = {P[] Sava and B[] Biondi},
  title = {Wave-equation migration velocity analysis, {II}. {S}ubsalt imaging examples},
  journal = {Geophysical Prospecting},
  year = {2004},
  volume = {52},
  issue = {5},
  pages = {607-623}
}

@ARTICLE{shen,
  author = {P[] Shen and W[] W[] Symes},
  title = {Automatic velocity analysis via shot profile migration},
  journal = {Geophysics},
  year = {2008},
  volume = {73},
  issue = {5},
  pages = {VE49-VE59}
}

@ARTICLE{biondi1,
  author ={B[] Biondi and W[] W[] Symes},
  title = {Angle-domain common-image gathers for migration velocity analysis by wavefield-continuation imaging},
  journal = {Geophysics},
  year = {2004},
  volume = {69},
  pages = {1283-1298}
}

@ARTICLE{pratt1,
  author ={R[] G[] Pratt},
  title = {Seismic waveform inversion in the frequency domain, {P}art 1: {T}heory and verification in a physical scale model},
  journal = {Geophysics},
  year = {1999},
  volume = {64},
  issue = {3},
  pages = {888-901}
}
@ARTICLE{pratt2,
  author ={R[] G[] Pratt and R[] M[] Shipp},
  title = {Seismic waveform inversion in the frequency domain, {P}art 2: {F}ault delineation in sediments using crosshole data},
  journal = {Geophysics},
  year = {1999},
  volume = {64},
  issue = {3},
  pages = {902-914}
}

@ARTICLE{fwiov,
  author ={J[] Virieux and S[] Operto},
  title = {An overview of full-waveform inversion in exploration geophysics},
  journal = {Geophysics},
  year = {2009},
  volume = {74},
  issue = {6},
  pages = {WCC1-WCC26},
  doi = {10.1190/1.3238367}
}

@ARTICLE{tarantola,
  author = {A[] Tarantola},
  title = {Inversion of seismic reflection data in the acoustic approximation},
  journal = {Geophysics},
  year = {1984},
  volume = {49},
  pages = {1259-1266},
  publisher = {SEG}
}

@ARTICLE{symes,
  author = {W[] W[] Symes},
  title = {Migration velocity analysis and waveform inversion},
  journal = {Geophysical Prospecting},
  year = {2008},
  volume = {56},
  pages = {765-790},
  publisher = {EAGE}
}

@inproceedings{me13,
  AUTHOR = {J[unzhe] Sun and S[ergey] Fomel},
  TITLE = {Lowrank one-step wave extrapolation},
  booktitle =    {83rd Annual International Meeting, SEG, Expanded Abstracts},
  year = 	 {2013},
  pages = {3905-3910},
  doi = {http://dx.doi.org/10.1190/segam2013-1123.1}
}

@inproceedings{me14a,
  AUTHOR = {J[unzhe] Sun and S[ergey] Fomel and J[ingwei] Hu},
  TITLE = {Least-squares reverse-time migration using one-step two-way wave extrapolation by non-stationary phase shift},
  booktitle={84th Annual International Meeting, SEG, Expanded Abstracts},
  year = 	 {2014},
  pages = {3967-3973}
}

@inproceedings{me14b,
	author={J[] Sun and T[] Zhu and S[] Fomel},
	title={Viscoacoustic modeling and imaging using low-rank approximation},
	booktitle={84th Annual International Meeting, SEG, Expanded Abstracts},
	year={2014},
	pages={3997-4002}
}

@BOOK{salt,
  title = {The salt mine: a digital atlas of salt tectonics},
  publisher = {The University of Texas at Austin, Bureau of Economic Geology},
  year = {2011},
  author = {M[] R[] Hudec and M[] P[] A[] Jackson}
}

@Article{seam07a,
  author = {P[] Pangman},
  title = {{SEAM} lanched in {M}arch},
  journal = {The Leading Edge},
  year = {2007},
  volume = {June},
  pages = {718-720}
}

@Article{seam07b,
  author = {J[] Colley},
  title = {{SEAM}: {A}dvancing geophysics through building corporate partnerships},
  journal = {The Leading Edge},
  year = {2007},
  volume = {August},
  pages = {976-978}
}

@ARTICLE{cheng14a,
  author = {J[] Cheng and W[] Kang},
  title = {Simulating propagation of separated wave modes in general anisotropic media, Part I: P-wave propagators},
  journal = {Geophysics},
  year = {2014},
  volume = {79},
  issue ={1},
  pages = {C1-C18},
  publisher = {SEG}
}

@BOOK{dic,
  title = {Encyclopedic Dictionary of Applied Geophysics},
  publisher = {Society of Exploration Geophysics},
  year = {2002},
  author = {Robert E. Sheriff},
  isbn = {0931830478}
}

@BOOK{bei,
  author ={J[] F[] Claerbout},
  title = {Basic Earth Imaging},
  publisher = {http://sepwww.stanford.edu/sep/prof/bei10.2008.pdf},
  year = {1996}
}


@ARTICLE{gxt,
  author = {P[] A[] Farmer and I[] F[] Jones and H[] Zhou and R[] I[] Bloor and M[] C[] Goodwin},
  title = {Application of Reverse Time Migration to Complex Imaging Problems},
  journal = {First Break},
  year = {2006},
  volume = {24},
  pages = {65-73},
  publisher = {SEG}
}

@ARTICLE{nemeth99,
  author = {T[] Nemeth and C[] Wu and G[] Schuster},
  title = {Least-squares migration of incomplete reflection data},
  journal = {Geophysics},
  year = {1999},
  volume = {64},
  publisher = {SEG},
  pages = {208-221}
}

@ARTICLE{margrave98,
  author = {G[ary] F[] Margrave},
  title = {Theory of nonstationary linear filtering in the Fourier domain with application to time-variant filtering},
  journal = {Geophysics},
  year = {1998},
  volume = {63},
  issue = {1},
  publisher = {SEG},
  pages = {244-259}
}

@ARTICLE{margraveandferguson,
  author = {G[ary] F[] Margrave and R[obert] J Ferguson},
  title = {Wavefield extrapolation by nonstationary phase shift},
  journal = {Geophysics},
  year = {1999},
  volume = {64},
  issue = {4},
  publisher = {SEG},
  pages = {1067-1078}
}

@ARTICLE{ferguson02,
  author = {R[obert] J Ferguson and G[ary] F[] Margrave},
  title = {Prestack depth migration by symmetric nonstationary phase shift},
  journal = {Geophysics},
  year = {2002},
  volume = {67},
  issue = {2},
  publisher = {SEG},
  pages = {594-603},
  doi = {10.1190/1.1468620}
}

@ARTICLE{gazdag84,
  author = {J[] Gazdag and P[] Squazzero},
  title = {Migration of seismic data by phase shift plus interpolation},
  journal = {Geophysics},
  year = {1984},
  volume = {49},
  publisher = {SEG},
  pages = {124-131}
}
                  
@BOOK{claerbout1,
  title = {Imaging the {E}arth's interior},
  publisher = {Blackwell Scientific Publications},
  year = {1985},
  author = {J[] F[] Claerbout}
}

@ARTICLE{tang09,
  author = {Y[] Tang},
  title = {Target-oriented wave-equation least-squares migration/inversion with phase-encoded {H}essian},
  journal = {Geophysics},
  year = {2009},
  volume = {74},
  issue = {6},
  publisher = {SEG},
  pages = {WCA95-WCA107}
}

@ARTICLE{dai11,
  author = {W[] Dai and X[] Wang and G[] T[] Schuster},
  title = {Least-squares migration of multisource data with a deblurring filter},
  journal = {Geophysics},
  year = {2011},
  volume = {76},
    issue = {5},
  publisher = {SEG},
  pages = {135-146}
}

@inproceedings{kessinger,
  AUTHOR = {W[alter] Kesinger},
  TITLE = {Extended {S}plit-step {F}ourier {M}igration},
  booktitle =    {62nd Annual International Meeting, SEG, Expanded Abstracts},
  year =         {1992},
  pages = {917-920}
}

@ARTICLE{ronen2000,
  author = {S[] Ronen and C[] L[] Liner},
  title = {Least-squares {DMO} and migration},
  journal = {Geophysics},
  year = {2000},
  volume = {65},
  issue = {5},
  publisher = {SEG},
  pages = {1364-1371}
}

@ARTICLE{marmousi,
  author = {R[] Versteeg},
  title = {The {Marmousi} experience: {Velocity} model determination on a synthetic complex data set.},
  journal = {The Leading Edge},
  year = {1994},
  volume = {13},
  issue = {9},
  publisher = {EAGE},
  pages = {927-936}
}

@inproceedings{zhang13ls,
	author={Y[u] Zhang and L[] Duan and Y[] Xie},
	title={A stable and practical implementation of least-squares reverse time migration},
	booktitle={83rd Annual International Meeting, SEG, Expanded Abstracts},
	year=2013,
	pages={3716-3720}
}

@inproceedings{yujin,
	author={Y[] Liu and W[illiam] W[] Symes and Z[] Li},
	title={Multisource least-squares extended reverse-time migration with preconditioning guided gradient method},
	booktitle={83rd Annual International Meeting, SEG, Expanded Abstracts},
	year=2013,
	pages={3709-3715}
}

@inproceedings{zhig14,
	author={Z[] Xue and Y[] Chen and S[] Fomel and J[] Sun},
	title={Imaging incomplete data and simultaneous-source data using least-squares reverse-time migration with shaping regularization},
	booktitle={84th Annual International Meeting, SEG, Expanded Abstracts},
	year=2014,
	pages={3991-3996}
}

@inproceedings{me14b,
	author={J[] Sun and T[] Zhu and S[] Fomel},
	title={Viscoacoustic modeling and imaging using low-rank approximation},
	booktitle={84th Annual International Meeting, SEG, Expanded Abstracts},
	year=2014,
	pages={3997-4002}
}

@article{paffenholz02,
    author = {Josef Paffenholz and Bill McLain and Joerg Zaske and P. Joseph Keliher},
    title = {Subsalt multiple attenuation and imaging: Observations from the {S}igsbee2{B} synthetic dataset},
    chapter = {538},
    pages = {2122-2125},
    journal = {SEG Technical Program Expanded Abstracts},
    year={2002}
}

@inproceedings{huang08,
	author={T[] Huang and S[] Xu and J[] Wang and G[] Ionescu and M[] Richardson},
	title={The benefit of TTI tomography for dual azimuth data in {Gulf of Mexico}},
	booktitle={78th Annual International Meeting, SEG, Expanded Abstracts},
	year={2008},
	pages={222-226}
}

@ARTICLE{xu11,
  author = {S[] Xu and Y[] Zhang and B[] Tang},
  title = {{3D} angle gathers from reverse time migration},
  journal = {Geophysics},
  year = {2011},
  volume = {76},
  issue = {2},
  publisher = {SEG},
  pages = {S77-S92}
}

@inproceedings{biondisava,
	author={B[] Biondi and P[] Sava},
	title={Wave-equation migration velocity analysis},
	booktitle={69th Annual International Meeting, SEG, Expanded Abstracts},
	year={1999},
	pages={1723-1726}
}

@Article{clappthesis,
  author = {R[] G[] Clapp},
  title = {Geologically constrained migration velocity analysis},
  journal = {Ph.D. thesis, Stanford University},
  year = {2001}
}

@ARTICLE{hemon78,
  author = {C[] Hemon},
  title = {Equations d'onde et modeles},
  journal = {Geophysical Prospecting},
  year = {1978},
  volume = {26},
  pages = {790-821},
  publisher = {EAGE}
}

@ARTICLE{yoon03,
  author = {K[] Yoon and C[] Shin and S[] Suh and L[] R[] Lines and S[] Hong},
  title = {3{D} reverse-time migration using the acoustic wave equation: An experience with the {SEG/EAGE} data set},
  journal = {The Leading Edge},
  year = {2003},
  volume = {22},
  publisher = {EAGE},
  pages = {38-41}
}

@inproceedings{yoon04,
	author={K[] Yoon and K[] J[] Marfurt and W[] Starr},
	title={Challenges in reverse-time migration},
	booktitle={74th Annual International Meeting, SEG, Expanded Abstracts},
	year={2004},
	pages={1057-1060}
}

@ARTICLE{etgenpipe,
  author = {J[] Etgen and M[] J[] O'Brien},
  title = {Computational methods for large-scale 3{D} acoustic finite-difference modeling: {A} tutorial},
  journal = {Geophysics},
  year = {2007},
  volume = {72},
  issue = {5},
  publisher = {SEG},
  pages = {SM223-SM230}
}

@inproceedings{gpurtm,
	author={R[] Abdelkhalek and H[] Calandra and O[] Coulaud and J[] Roman and G[] Latu},
	title={Fast seismic modeling and Reverse Time Migration on a GPU cluster},
	booktitle={International Conference on High Performance Computing and Simulation, IEEE, Conference Abstracts},
	year={2009},
	pages={36-43}
}

@ARTICLE{checkpoint,
  author ={W[] W[] Symes},
  title = {Reverse-time migration with optimal checkpointing},
  journal = {Geophysics},
  year = {2007},
  volume = {72},
  issue = {5},
  pages = {SM213-SM221}
}

@ARTICLE{griewank92,
  author ={A[] Griewank},
  title = {Achieving logarithmic growth of temporal and spatial complexity in reverse automatic differentiation},
  journal = {Optimization Methods and Software},
  year = {1992},
  volume = {1},
  pages = {35-54}
}

@BOOK{SEAM1,
  title = {{SEAM Phase 1: Challenges of Subsalt Imaging in Tertiary Basins, with Emphasis on Deepwater Gulf of Mexico}},
  publisher = {Society of Exploration Geophysicists},
  year = {2011},
  author = {M[] Fehler and P[] J[] Keliher}
}

@ARTICLE{popovici96,
  author ={A[] M[] Popovici},
  title = {Prestack migration by split-step {DsR}},
  journal = {Geophysics},
  year = {1996},
  volume = {61},
  pages = {1412-1416}
}


@ARTICLE{dehoop03,
  author ={M[] V[] de Hoop and J[] H[] Le Rousseau and B[] L[] Biondi},
  title = {Symplectic structure of wave-equation imaging: a path-integral approach based on the double -square-root equation},
  journal = {Geophysical Journal International},
  year = {2003},
  volume = {153},
  issue = {1},
  pages = {52-74},
  doi={10.1046/j.1365-246X.2003.01877.x}
}

@inproceedings{perm10,
	author={T[] Alkhalifah and S[] Fomel},
	title={Source-receiver two-way wave extrapolation for prestack exploding-reflector modeling and migration},
	booktitle={80th Annual International Meeting, SEG, Expanded Abstracts},
	year={2010},
	pages={2950-2955}
}

@inproceedings{duchkov09,
	author={A[] Duchkov and M[] V[] de Hoop},
	title={Extended isochron rays in prestack depth migration},
	booktitle={70th Annual International Meeting, SEG, Expanded Abstracts},
	year={2009},
	pages={3610-3614}
}

@BOOK{3dseismic,
  title = {3{D} Seismic Imaging},
  publisher = {Society of Exploration Geophysicists},
  year = {2006},
  author = {B[] Biondi}
}

@ARTICLE{cheng14b,
  author ={J[] Cheng and S[] Fomel},
  title = {Fast algorithms for elastic wave-mode separation and vector decomposition using low-rank approximation for anisotropic media},
  journal = {Geophysics},
  year = {2014},
  volume = {79},
  issue = {4},
  pages = {C97-C110}
}

@inproceedings{chu10,
	author={C[] Chu and P[] L[] Stoffa},
	title={Acoustic anisotropic wave modeling using normalized pseudo-{L}aplacian},
	booktitle={80th Annual International Meeting, SEG, Expanded Abstracts},
	year={2010},
	pages={2972-2976}
}

@inproceedings{chu11,
	author={C[] Chu and P[] L[] Stoffa},
	title={Compensating for time stepping errors locally in the pseudo- analytical method using normalized pseudo-{L}aplacian},
	booktitle={81st Annual International Meeting, SEG, Expanded Abstracts},
	year={2011},
	pages={3059-3063}
}

@ARTICLE{fang14,
  author ={G[] Fang and S[] Fomel and Q[] Du and J[] Hu},
  title = {Lowrank seismic wave extrapolation on a staggered grid},
  journal = {Geophysics},
  year = {2014},
  volume = {79},
  issue = {3},
  pages = {T157-T168}
}

@ARTICLE{shen08,
  author = {P[] Shen and W[] W[] Symes},
  title = {Automatic velocity analysis via shot profile migration},
  journal = {Geophysics},
  year = {2008},
  volume = {73},
  issue = {5},
  pages = {VE49-VE59}
}

@ARTICLE{albertin06,
  author = {U[] Albertin and P[] Sava and J[] Etgen and M[] Maharramov},
  title = {Adjoint wave-equation velocity analysis},
  journal = {76th Annual International Meeting, SEG, Expanded Abstracts},
  year = {2006},
  pages = {3345-3349}
}

@ARTICLE{clapp04,
  author = {R[] Clapp and B[] Biondi and J[] Claerbout},
  title = {Incorporating geologic information into reflection tomography},
  journal = {Geophysics},
  year = {2004},
  volume = {69},
  issue = {2},
  pages = {533-546},
  doi = {10.1190/1.1707073}
}

@ARTICLE{fomel07,
  author = {S[] Fomel},
  title = {Shaping regularization in geophysical estimation problems},
  journal = {Geophysics},
  year = {2007},
  volume = {72},
  issue = {2},
  pages = {R29-R36}
}

@inproceedings{dussaud08,
	author={E[] Dussaud and W[] W[] Symes and L[] Lemaistre and P[] Singer and B[] Denel and A[] Cherrett},
	title={Computational strategies for reverse‐time migration},
	booktitle={78th Annual International Meeting, SEG, Expanded Abstracts},
	year={2008},
	pages={2267-2271},
        doi = {10.1190/1.3059336}
}

@inproceedings{myself1,
  AUTHOR = {J[unzhe] Sun and S[ergey] Fomel},
  TITLE = {Lowrank one-step wave extrapolation},
  booktitle =    {83rd Annual International Meeting, SEG, Expanded Abstracts},
  year = 	 {2013},
  pages = {3905-3910},
  doi = {http://dx.doi.org/10.1190/segam2013-1123.1}
}

@ARTICLE{zhu13a,
  author = {T[] Zhu and J[] M[] Carcione and J[] M[] Harris},
  title = {Approximating constant-{Q} seismic propagation in the time domain},
  journal = {Geophysical Prospecting},
  year = {2013},
  volume = {61},
  pages = {931-940},
  doi = {10.1111/1365-2478.12044}
}

@ARTICLE{zhu14a,
  author = {T[] Zhu and J[] M[] Harris},
  title = {Modeling acoustic wave propagation in heterogeneous attenuating media using decoupled fractional {L}aplacians},
  journal = {Geophysics},
  year = {2014},
  volume = {79},
  issue = {3},
  pages = {T105-T116},
  doi = {10.1190/GEO2013-0245.1}
}

@ARTICLE{zhu14b,
  author = {T[] Zhu and J[] M[] Harris and B[] Biondi},
  title = {Q-compensated reverse-time migration},
  journal = {Geophysics},
  year = {2014},
  volume = {79},
  issue = {3},
  pages = {S77-S87},
  doi = {10.1190/geo2013-0344.1}
}

@INPROCEEDINGS{bp2004,
  author = {F[] J[] Billette and S[] Brandsberg-Dahl}, 
  title = {The 2004 BP velocity benchmark},
  booktitle = {67th Annual EAGE Meeting, EAGE, Expanded Abstracts},
  year = {2004},
  pages = {B305}
}

@ARTICLE{biondi02,
  author = {B[] Biondi},
  title = {Reverse time migration in midpoint-offset coordinates},
  journal = {SEP-Report},
  year = {2002},
  volume = {111},
  pages = {149-156}
}

@ARTICLE{loewenthal76,
  author = {D[] Loewenthal and L[] Lu and R[] Roberson and J[] Sherwood},
  title = {The Wave equation applied to Migration},
  journal = {Geophysical Prospecting},
  year = {1976},
  volume = {24},
  pages = {380-399},
  publisher = {EAGE}
}

@ARTICLE{etgen09,
  author = {J[] Etgen and S[] Gray and Y[] Zhang},
  title = {An overview of depth imaging in exploration geophysics},
  journal = {Geophysics},
  year = {2009},
  volume = {74},
  issue = {6},
  pages = {WCA5-WCA17},
  doi = {10.1190/1.3223188}
}

@Article{ahay,
  author = {S[] Fomel and P[] Sava and I[] Vlad and Y[] Liu and V[] Bashkardin},
  title = {Madagascar: open-source software project for multidimensional data analysis and reproducible computational experiments},
  journal = {Journal of Open Research Software},
  year = 2013,
  volume = 1,
  issue = 1,
  pages = {e8},
  doi = {http://dx.doi.org/10.5334/jors.ag}}

@inproceedings{wang14,
  AUTHOR = {C[] Wang and J[] Cheng and T[] Wang},
  TITLE = {Propagating decomposed elastic wavefiels by first- and second-order wave equations using low-rank k-space method for isotropic media},
  booktitle =    {84th Annual International Meeting, SEG, Expanded Abstracts},
  year = 	 {2014},
  pages = {submitted}
}

@inproceedings{fomel13,
  AUTHOR = {S[] Fomel},
  TITLE = {Wave-equation time migration},
  booktitle =  {83rd Annual International Meeting, SEG, Expanded Abstracts},
  year = 	 {2013},
  pages = {3703-3708},
  doi = {10.1190/segam2013-0935.1}
}

@inproceedings{kumano,
   author = {T[] Tsuji and J[] Park and G[] Moore and S[] Kodaira and S[] Kuramoto and N[] L[] Bangs and Y[] Yamada and T[] Matsuoka},
    title =  {{Tectonic underplating in the Nankai Trough off the Kii peninsula: Insight from Kumano 3D seismic reflection data}},
  booktitle = {AGU Fall Meeting Abstracts},
     year = {2007},
    pages = {C697},
   doi = {http://adsabs.harvard.edu/abs/2007AGUFM.T51C0697T}
}

@ARTICLE{rite,
  author = {X[] Du and P[] J[] Fowler and R[] P[] Fletcher},
  title = {Recursive integral time-extrapolation methods for waves: {A} comparative review},
  journal = {Geophysics},
  year = {2014},
  volume = {79},
  issue = {1},
  publisher = {SEG},
  pages = {T9-T26}
}

@ARTICLE{sava03,
  author = {P[] Sava and S[] Fomel},
  title = {Angle-domain common image gathers by wavefield continuation methods},
  journal = {Geophysics},
  year = {2003},
  volume = {68},
  pages = {1065-1074}
}

@inproceedings{clapp09,
  AUTHOR = {R[] Clapp},
  TITLE = {Reverse time migration with random boundaries},
  booktitle =  {79 Annual International Meeting, SEG, Expanded Abstracts},
  year = 	 {2009},
  pages = {2809-2813}
}

@Article{reshef,
  author = 	 {M[] Reshef and D[] Kosloff and M[] Edwards and C[] Hsiung},
  title = 	 {Three-dimensional acoustic modeling by the {F}ourier method},
  journal = {Geophysics},
  year = 	 1988,
  volume =	 53,
  pages =	 {1175-1183}
}

@INPROCEEDINGS{kaelin06,
  author = {B[] Kaelin and A[] Guitton}, 
  title = {Imaging condition for reverse time migration},
  booktitle =    {76th Annual International Meeting, SEG, Expanded Abstracts},
  year = 	 {2006},
  pages = {2594-2598}
}

@ARTICLE{carc03,
  author = {J[] M[] Carcione and K[] Helbig and H[] B[] Helle},
  title = {Effects of pressure and saturating ﬂuid on wave velocity and attenuation of anisotropic rocks},
  journal = {Int. J. Rock Mech. Min. Sci.},
  year = {2003},
  volume = {40},
  pages = {389-403}
}

@ARTICLE{dvorkin06,
  author = {J[] P[] Dvorkin and G[] Mavko},
  title = {Modeling attenuation in reservoir and nonreservior rock},
  journal = {The Leading Edge},
  year = {2006},
  volume = {25},
  pages = {194-197}
}

@BOOK{aki,
  title = {Quantitative seismology},
  publisher = {W.H. Freeman \& Co},
  year = {1980},
  author = {K[] Aki and P[] G[] Richards}
}

@ARTICLE{liao96,
  author = {Q[] Liao and A[] McMechan},
  title = {Multifrequency viscoacoustic modeling and inversion},
  journal = {Geophysics},
  year = {1996},
  volume = {61},
  publisher = {SEG},
  pages = {1371-1378},
  doi = {10.1190/1.1444060}
}

@ARTICLE{stekl98,
  author = {I[] Stekl and R[] G[] Pratt},
  title = {Accurate viscoelastic modeling by frequency domain ﬁnite-difference using rotated operators},
  journal = {Geophysics},
  year = {1998},
  volume = {63},
  publisher = {SEG},
  pages = {1779-1794},
  doi = {10.1190/1.1444472}
}

@ARTICLE{liu76,
  author = {H[] P[] Liu and D[] L[] Anderson and H[] Kanamori},
  title = {Velocity dispersion due to anelasticity: {I}mplication for seismology and mantle composition},
  journal = {Geophysical Journal of the Royal Astronomical Society},
  year = {1976},
  volume = {47},
  pages = {41-58},
  doi = {10.1111/j.1365-246X.1976.tb01261.x}
}

@ARTICLE{emm87,
  author = {H[] Emmerich and M[] Korn},
  title = {Incorporation of attenuation into time domain computations of seismic wave fields},
  journal = {Geophysics},
  year = {1987},
  volume = {52},
  publisher = {SEG},
  pages = {1252-1264},
  doi = {10.1190/1.1442386}
}

@BOOK{carc07,
  title = {Wave fields in real media: {T}heory and numerical simulation of wave propagation in anisotropic, anelastic, porous and electromagnetic media, 2nd ed.},
  publisher = {Elsevier},
  year = {2007},
  author = {J[] M[] Carcione}
}

@ARTICLE{treeby10,
  author = {B[] E[] Treeby and B[] T[] Cox},
  title = {Modeling power law absorption and dispersion for acoustic propagation using the fractional {L}aplacian},
  journal = {J. acoust. Soc. Am.},
  year = {2010},
  volume = {127},
  pages = {2741-2748},
  doi = {10.1121/1.3377056}
}

@ARTICLE{kja79,
  author = {E[] Kjartansson},
  title = {Constant-{Q} wave propagation and attenuation},
  journal = {Journal of Geophysical Research},
  year = {1979},
  volume = {84},
  pages = {4737-4748},
  doi = {10.1029/JB084iB09p04737}
}

@ARTICLE{caputo71,
  author = {M[] Caputo and F[] Mainardi},
  title = {A new dissipation model based on memory mechanism},
  journal = {Pure and Applied Geophysics},
  year = {1971},
  volume = {91},
  pages = {134-147},
  doi = {10.1007/BF00879562}
}

@ARTICLE{carc02,
  author = {J[] M[] Carcione and F[] Cavallini and F[] Mainardi and A[] Hanyga},
  title = {Time-domain seismic modeling of constant-{Q} wave propagation using fractional derivatives},
  journal = {Pure and Applied Geophysics},
  year = {2002},
  volume = {159},
  pages = {1719-1736}
}

@ARTICLE{carc09,
  author = {J[] M[] Carcione},
  title = {Theory and modeling of constant-{Q} {P}- and {S}-waves using fractional time derivatives},
  journal = {Geophysics},
  year = {2009},
  volume = {74},
  issue = {1},
  publisher = {SEG},
  pages = {T1-11}
}

@BOOK{pod99,
  title = {{Fractional Differential Equations}},
  publisher = {Academic Press},
  year = {1999},
  author = {I[] Podlubny}
}
# ISBN 0125588402.

@ARTICLE{chenholm04,
  author = {W[] Chen and S[] Holm},
  title = {Fractional {L}aplacian time-space models for linear and nonlinear lossy media exhibiting arbitrary frequency powerlaw dependency},
  journal = {J. acoust. Soc. Am.},
  year = 2004,
  volume = 115,
  pages = {1424-1430},
}


@ARTICLE{carc10,
  author = {J[] M[] Carcione},
  title = {A generalization of the {F}ourier pseudospectral method},
  journal = {Geophysics},
  year = {2010},
  volume = {75},
  issue = {6},
  pages = {A53-A56},
  doi = {10.1190/1.3509472}
}

@inproceedings{kan83,
  AUTHOR = {T[] K[] Kan and M[] L[] Batzle and J[] E[] Gaiser},
  TITLE = {Attenuation measured from {VSP}: {E}vidence of frequency-dependent {Q}},
  booktitle =    {53rd Annual International Meeting, SEG, Expanded Abstracts},
  year = 	 {1983},
  pages = {589-590}
}

@ARTICLE{sams97,
  author = {M[] S[] Sams and J[] P[] Neep and M[] H[] Worthington and M[] S[] King},
  title = {The measurement of velocity dispersion and frequency-dependent intrinsic attenuation in sedimentary rocks},
  journal = {Geophysics},
  year = {1997},
  volume = {62},
  pages = {1456-1464},
  doi = {10.1190/1.1444249}
}

@ARTICLE{batzle06,
  author = {M[] L[] Batzle and D[] H[] Han and R[] Hofmann},
  title = {Fluid mobility and frequency-dependent seismic velocity-direct measurements},
  journal = {Geophysics},
  year = {2006},
  volume = {71},
  issue = {1},
  pages = {N1-N9},
  doi = {10.1190/1.2159053}
}

@inproceedings{valenciano12,
 author = {A[] A[] Valenciano and N[] Chemingui},
 year = 2012,
 title = {Viscoacoustic imaging: tomographic {Q} estimation and migration compensation},
 booktitle = {82nd Annual International Meeting, SEG, Expanded Abstracts},
 pages = {1-5}
}

@inproceedings{cavalca13,
 author = {M[] Cavalca and R[] Fletcher and M[] Riedel},
 year = 2013,
 title = {Q-compensation in complex media - ray-based and wavefield extrapolation approaches},
 booktitle = {83rd Annual International Meeting, SEG, Expanded Abstracts},
 pages = {3831-3835}
}

@inproceedings{zhang10,
 author = {Y[] Zhang and P[] Zhang and H[] Zhang},
 year = {2010},
 title = {Compensating for viscoacoustic effects in reverse-time migration},
 booktitle = {80th Annual International Meeting, SEG, Expanded Abstracts},
 pages = {3160-3164}
}


@INPROCEEDINGS{dutta13,
  author = {G[] Dutta and K[] Lu and X[] Wang and G[] T[] Schuster},
  year = {2013},
  title = {Attenuation compensation in least-squares reverse time migration using the visco-acoustic wave equation},
  booktitle = {83th Annual International Meeting, SEG, Expanded Abstracts},
  pages = {3721-3725}
}

@ARTICLE{rob94,
  author = {J[] O[] Robertsson and J[] O[] Blanch and W[] W[] Symes},
  title = {Viscoacoustic finite-difference modeling},
  journal = {Geophysics},
  year = {1994},
  volume = {59},
  publisher = {SEG},
  pages = {1444-1456}
}

@ARTICLE{blanch95,
  author = {J[] O[] Blanch and J[] O[] Robertsson and W[] W[] Symes},
  title = {Modeling of a constant q: methodology and algorithm for an efficient and optimally inexpensive viscoelastic technique},
  journal = {Geophysics},
  year = {1995},
  volume = {60},
  publisher = {SEG},
  pages = {176-184}
}

@ARTICLE{alkhalifah95,
  author = {T[] Alkhalifah and I[] Tsvankin},
  title = {Velocity analysis for transversely isotropic media},
  journal = {Geophysics},
  year = {1995},
  volume = {60},
  publisher = {SEG},
  pages = {1550-1566}
}

@ARTICLE{schoenberg97,
  author = {M[] Schoenberg and K[] Helbig},
  title = {Orthorhombic media: Modeling elastic wave behavior in a vertically fractured earth},
  journal = {Geophysics},
  year = {1997},
  volume = {62},
  issue = {6},
  publisher = {SEG},
  pages = {1954-1974},
  doi = {10.1190/1.1444297}
}

@ARTICLE{tsvankin97,
  author = {I[] Tsvankin},
  title = {Anisotropic parameters and {P}-wave velocity for orthorhombic media},
  journal = {Geophysics},
  year = {1997},
  volume = {62},
  issue = {4},
  publisher = {SEG},
  pages = {1292-1309},
  doi = {10.1190/1.1444231}
}

@BOOK{korn,
  title = {Mathematical handbook for scientists and engineers},
  publisher = {McGraw-Hill Book Co.},
  year = {1968},
  author = {G[] Korn and T[] Korn}
}

@ARTICLE{song13,
  author = {X[] Song and T[] Alkhalifah},
  title = {Modeling of pseudoacoustic {P}-waves in orthorhombic media with a low-rank approximation},
  journal = {Geophysics},
  year = {2013},
  volume = {78},
  issue = {4},
  publisher = {SEG},
  pages = {C33-C40},
  doi = {10.1190/geo2012-0144.1}
}

@ARTICLE{claerbout71,
  author = {J[on] F[] Claerbout},
  title = {Toward a unified theory of reflector mapping},
  journal = {Geophysics},
  year = {1971},
  volume = {36},
  issue = {3},
  publisher = {SEG},
  pages = {467-481}
}

@ARTICLE{sava06,
  author = {P[aul] Sava and S[ergey] Fomel},
  title = {Time-shift imaging condition in seismic migration},
  journal = {Geophysics},
  year = {2006},
  volume = {71},
  issue = {6},
  publisher = {SEG},
  pages = {S209-S217}
}

@ARTICLE{sava11,
  author = {P[aul] Sava and I[] Vasconcelos},
  title = {Extended imaging conditions for wave-equation migration},
  journal = {Geophysical Prospecting},
  year = {2011},
  volume = {59},
  number = {1},
  publisher = {EAGE},
  pages = {35-55}
}

@ARTICLE{rickett02,
  author = {J[] Rickett and P[] Sava},
  title = {Offset and angle-domain common image-point gathers for shot-profile migration},
  journal = {Geophysics},
  year = {2002},
  volume = {67},
  issue = {3},
  publisher = {SEG},
  pages = {883-889}
}

@inproceedings{sava05,
  AUTHOR = {P[] Sava and S[] Fomel},
  TITLE = {Coordinate-independent angle gathers for wave equation migration},
  booktitle =    {75th Annual International Meeting, SEG, Expanded Abstracts},
  year = 	 {2005},
  pages = {2052-2055}
}

@inproceedings{sun14,
  AUTHOR = {J[] Sun and T[] Zhu and S[] Fomel},
  TITLE = {Viscoacoustic modeling and imaging using low-rank approximation },
  booktitle =    {84th Annual International Meeting, SEG, Expanded Abstracts},
  year = 	 {2014},
  pages = {3997-4002}
}

@ARTICLE{sun15a,
  author={J[] Sun and T[] Zhu and S[] Fomel},
  title={Viscoacoustic modeling and imaging using low-rank approximation},
  journal = {Geophysics},
  year = {2015},
  publisher = {SEG},
  pages = {A103-A108},
  volume = 80,
  issue = 5,
  doi = {10.1190/geo2015-0083.1.}
}

@inproceedings{sripanich14abs,
  author={Yanadet Sripanich and Sergey Fomel},
  title={Modified anelliptic approximations for q{P} velocities in tranversely isotropic media},
  booktitle={84th Annual International Meeting Expanded Abstracts},
  year={2014},
  note={409-414} 
}

@ARTICLE{sripanich15,
  author={Yanadet Sripanich and Sergey Fomel},
  title={On anelliptic approximations for q{P} velocities in transversely isotropic and orthorhombic media},
  journal = {Geophysics},
  year = {2015},
  pages = {C89-C105},
  volume = 80,
  issue = 5,
  doi = {10.1190/geo2014-0534.1.} 
}

@Article{gassmann64,
  author = {F[] Gassmann},
  title = {Introduction to seismic travel time methods in anisotropic media},
  journal = {Pure and Applied Geophysics},
  year = 1964,
  volume = 58,
  pages = {63-112}
}

@INPROCEEDINGS{casasanta15,
  author = {L[] Casasanta and Z[] Xue and S[] H[] Gray},
  title = {Converted wave {RTM} using lowrank wavefield extrapolation},
  booktitle = {77th Annual EAGE Meeting, EAGE, Expanded Abstracts},
  year = {2015},
  pages = {N116}
}
