@Book{mult,
  editor = 	 {A[] B[] Weglein and W[] H[] Dragoset},
  title = 	 {Multiple {A}ttenuation},
  publisher = 	 {Soc. of Expl. Geophys.},
  year = 	 2005}

@Book{radon,
  editor = 	 {G[] F[] Gardner and F[] Lu},
  title = 	 {Slant-{Stack} {P}rocessing},
  publisher = 	 {Soc. of Expl. Geophys.},
  year = 	 1991}