@article{lowrank,
  title={Seismic wave extrapolation using lowrank symbol approximation},
  author={Fomel, Sergey and Ying, Lexing and Song, Xiaolei},
  journal={Geophysical Prospecting},
  volume={61},
  number={3},
  pages={526--536},
  year={2013},
  publisher={Wiley Online Library},
  note = {\url{http://ahay.org/RSF/book/tccs/lowrank/paper_html/}}
}

@Article{stoltst,
  author = 	 {S. Fomel and L. Vaillant},
  title = 	 {Evaluating the {Stolt-stretch} parameter},
  journal = 	 {Journal of Seismic Exploration},
  year = 	 2001,
  volume = 	 9,
  pages = 	 {319--335},
  note = 	 {\url{http://ahay.org/RSF/book/sep/stoltst/paper_html/}}}

@article{eikods,
  title={Kirchhoff migration using eikonal-based computation of traveltime source derivatives},
  author={Li, Siwei and Fomel, Sergey},
  journal={Geophysics},
  volume={78},
  number={4},
  pages={S211--S219},
  year={2013},
  publisher={Society of Exploration Geophysicists},
  note = {\url{http://ahay.org/RSF/book/tccs/eikods/paper_html/}}
}
